2432 3969
1033 478 1044 519 (
1076 476 1127 514 35
1160 478 1170 519 )

248 578 376 614 ovata
411 570 480 613 vel
510 568 871 617 ovato-cordata,
906 566 1325 623 compressiuscula,
1357 564 1675 616 carunculam,
1711 562 1959 607 caruncula

248 653 395 696 crassa
409 687 418 705 ,
440 650 862 709 hippocrepidoidea
880 649 951 691 vel
970 648 1172 700 cristata,
1196 647 1480 704 persistente,
1497 647 1593 689 hilo
1610 653 1758 689 ovato.
1778 645 1965 687 Emmwo

248 750 372 778 sacco
405 734 723 792 perispermico
754 730 1080 786 mucilaginoso
1111 729 1321 772 inclusus.
1339 728 1654 772 CoTYLEnoNEs
1685 734 1841 777 ovatae,
1870 726 1966 784 pla-

248 817 476 860 niusculae.
494 816 715 859 RAD1CULA
733 813 1023 865 clavitormis,
1047 810 1387 868 cotyledonibus
1403 810 1679 866 sublongior.

304 899 518 941 FRUTlcsss
553 895 796 954 palaeogaei,
825 894 988 938 Africae
1021 893 1236 943 borealis,
1259 900 1304 935 et
1337 891 1530 949 Europae
1563 891 1860 940 australioris„
1891 890 1964 933 sed

248 981 612 1024 Fortunatarum
642 978 928 1036 potissimum
954 983 999 1019 et
1028 976 1285 1019 insularum
1318 973 1825 1026 Maderensium,cives.
1844 972 1965 1014 RAM1

248 1063 413 1119 virgati
439 1062 569 1112 recti,
589 1061 758 1110 striati,
781 1060 894 1117 saepe
923 1058 1080 1102 breves
1106 1057 1335 1107 nodosuli„
1352 1056 1557 1114 juniores
1587 1054 1879 1113 pubescentes
1896 1054 1966 1096 vel

250 1144 507 1194 tomentosi,
519 1144 726 1186 inermes.
740 1142 873 1185 FOLIA
888 1141 1031 1184 &folia
1038 1148 1096 1193 ta,
1108 1139 1388 1197 persistentia
1399 1173 1408 1189 ,
1421 1138 1568 1181 rarius
1580 1135 1743 1179 abortu
1760 1135 1966 1187 1-foliata,

249 1226 481 1283 petiolata,
500 1225 734 1282 stipulata,
751 1222 927 1281 stipulis
959 1222 1108 1280 parvis
1134 1221 1287 1279 petioli
1316 1219 1409 1263 basi
1444 1219 1675 1269 connatis,
1702 1218 1824 1275 apice
1855 1217 1967 1273 saepe

250 1307 411 1357 liberis„
433 1308 579 1350 rarius
594 1305 769 1356 sessilia,
784 1305 1068 1363 exstipulata,
1085 1303 1250 1361 petiolo
1271 1310 1316 1345 et
1338 1301 1612 1359 stipularum
1630 1299 1811 1344 basibus
1827 1299 1967 1354 pulvi-

256 1390 422 1431 nulum
442 1391 498 1439 (1)
518 1388 586 1430 axi
617 1395 869 1430 connatum
890 1385 1197 1429 efficientibus.
1224 1384 1396 1427 FLORES
1422 1382 1704 1434 terminales,
1721 1382 1877 1439 spicati
1896 1381 1966 1423 vel

245 1469 581 1518 subumbellati,
599 1469 714 1511 ssavi.
734 1468 975 1510 PEDUNCULI
992 1467 1149 1511 breves
1163 1466 1467 1515 ascendentes,
1484 1465 1674 1508 demum
1696 1465 1850 1514 erecti,
1868 1463 1963 1507 basi

249 1560 329 1595 aut
349 1551 498 1594 medio
517 1550 753 1600 bracteati,
770 1549 855 1594 sub
875 1551 981 1592 flore
1001 1549 1218 1605 utrinque
1236 1547 1564 1591 2-braeteolati.

305 1636 389 1667 Ons.
411 1631 631 1667 Admittenda
647 1632 782 1678 estjam
802 1630 845 1664 ab
863 1642 952 1664 anno
976 1629 1064 1677 1786
1084 1631 1103 1663 ἐι
1122 1629 1216 1663 Frid.
1240 1631 1317 1663 Cas.
1341 1629 1494 1672 Medico,
1510 1616 1677 1678 generum
1699 1627 1965 1661 Linnaeanorum

249 1715 413 1742 novatore
427 1718 494 1741 non
514 1705 689 1749 inscitulo,
705 1707 721 1738 a
742 1704 943 1739 Dioscoride
958 1704 1101 1751 repetita
1115 1711 1149 1737 et
1169 1715 1232 1749 pro
1255 1702 1410 1737 Genistcz
1426 1701 1644 1737 candicante
1660 1701 1885 1749 redintegrata
1903 1702 1969 1736 Te-

248 1782 554 1826 line‚nomenque
573 1779 708 1813 Telina
731 1779 749 1811 a
777 1778 820 1811 cl.
846 1779 887 1811 E.
915 1779 1034 1825 Meyer
1058 1777 1181 1824 plantis
1208 1776 1416 1823 quibusdam
1445 1776 1740 1811 austro-Africanis
1771 1776 1969 1822 impositum

248 1854 464 1889 mutandum.
480 1855 599 1887 Genus
615 1860 663 1886 est
680 1863 749 1898 quo
766 1851 898 1885 nullum
918 1851 1007 1885 inter
1025 1851 1236 1897 leguminosa
1254 1851 1468 1894 concinnius,
1483 1850 1637 1897 adeoque
1657 1850 1913 1896 homogeneum
1931 1858 1968 1883 ut

247 1928 424 1975 aegerrime
442 1929 460 1961 ἐι
479 1926 641 1973 proximis
655 1925 859 1959 divellantur
872 1925 998 1971 species
1017 1923 1152 1967 affines,
1170 1935 1317 1970 quarum
1335 1924 1450 1971 plures
1467 1924 1603 1958 insimul
1617 1925 1635 1957 a
1648 1923 1791 1957 summis
1810 1922 1969 1969 phytolo·

249 2002 299 2049 gis
311 2002 352 2036 ad
370 2001 458 2035 hunc
475 2001 583 2046 usque
604 1999 696 2034 diem
717 1998 912 2046 colligatas,
931 1998 1128 2033 nominibus
1149 1998 1296 2045 propriis
1315 1997 1368 2031 hic
1388 1998 1490 2045 primi
1510 1998 1744 2031 instruximus.
1769 1997 1968 2043 Peyssone-

249 2075 339 2108 liam
360 2074 392 2107 iu
411 2072 542 2108 schedis
560 2084 663 2106 manu
676 2072 808 2118 scriptis
822 2072 887 2105 hoc
903 2083 1011 2118 genus
1021 2071 1162 2105 vocabat
1185 2071 1443 2105 Gem'stearum
1459 2077 1627 2104 scrutator
1638 2068 1775 2104 sedulus
1792 2069 1966 2111 Boivinus,

250 2147 348 2194 eujus
367 2159 407 2181 ex
427 2145 607 2191 colloquiis
622 2144 748 2188 multa,
767 2144 904 2190 largiori
924 2143 1064 2189 quidem
1082 2155 1181 2177 sensu
1201 2143 1248 2176 uti
1264 2154 1338 2176 mos
1355 2150 1405 2177 est
1420 2141 1736 2186 confabulantibus,
1754 2142 1796 2177 de
1811 2142 1968 2176 subordi-

248 2221 299 2254 nis
313 2219 415 2266 hujus
432 2219 695 2266 compositione,
709 2217 886 2252 nobiscum
906 2217 986 2251 olim
1009 2216 1153 2263 benigne
1169 2215 1417 2250 communicata
1431 2215 1634 2262 accepimus.
1657 2217 1787 2250 Totum
1807 2215 1968 2262 deinceps

248 2293 376 2326 minute
394 2300 427 2326 et
443 2292 640 2339 scrupulose
658 2291 877 2325 excussimus.
897 2289 1094 2324 Dolendum
1108 2297 1222 2323 autem
1245 2296 1296 2322 est
1316 2287 1381 2322 hoc
1401 2287 1579 2334 negotium
1602 2287 1723 2332 nobis,
1735 2288 1782 2322 uti
1797 2288 1967 2334 pollicitus

248 2374 318 2410 est,
334 2365 495 2412 expedire
510 2365 666 2411 nequisse
689 2364 730 2398 cl.
750 2364 949 2408 Boivinum3
966 2362 1025 2397 sed
1040 2362 1287 2409 impedimento
1318 2362 1455 2397 fuerunt
1474 2373 1528 2395 res
1548 2373 1618 2396 suae
1633 2369 1735 2408 atque
1751 2362 1959 2396 domesticae.

250 2440 292 2474 V
288 2439 464 2486 ogleram‚
477 2436 778 2480 Salzwedeliam,
790 2444 824 2471 et
841 2437 1080 2471 Genistclr‘um
1096 2436 1301 2482 reliquarum
1314 2435 1492 2470 indocilem
1504 2435 1695 2479 cohortem,
1709 2435 1826 2470 insulis
1840 2436 1966 2470 nostris

249 2513 457 2558 caeteroquin
469 2511 613 2546 alienam
627 2538 634 2554 ‚
650 2511 722 2545 aliis
737 2509 1016 2557 introspiciendas
1032 2509 1255 2555 relinquimus
1266 2535 1275 2552 ,
1291 2508 1344 2542 hic
1358 2508 1532 2542 Chloridis
1546 2509 1784 2543 Macaronesiae
1797 2509 1963 2556 mancipia

251 2586 320 2619 SOla
339 2593 584 2632 pertractasslus
591 2612 597 2619 .

290 2777 331 2811 (Ι)
351 2774 467 2812 Organa
485 2773 625 2812 quaedam
644 2774 675 2802 in
692 2773 748 2802 hac
763 2773 846 2802 tribu
860 2772 972 2801 alienas
991 2771 1047 2800 sibi
1066 2770 1200 2799 iuduunt
1215 2770 1329 2799 formas
1351 2769 1464 2809 quibus
1480 2771 1603 2799 nomina
1618 2771 1720 2809 potius
1738 2772 1860 2810 propria
1878 2772 1966 2801 addi-

252 2837 316 2856 cere
330 2828 423 2865 quam
438 2825 665 2864 periphrasibus
678 2833 708 2855 et
723 2824 950 2854 circuitionibus
965 2825 1131 2862 exprimere
1146 2822 1322 2851 maluimus.
1341 2822 1458 2851 Accidit
1473 2823 1548 2861 saepe
1563 2823 1701 2862 stipulas,
1719 2823 1767 2852 vel
1781 2824 1966 2862 stipularum

251 2880 336 2908 bases
352 2878 399 2907 vel
418 2878 591 2906 rudimenta
604 2900 611 2912 ‚
625 2888 695 2906 cum
712 2877 816 2916 petioli
834 2877 897 2906 basi
911 2883 1064 2912 conflatas,
1081 2875 1246 2904 umbonem
1265 2885 1317 2903 seu
1328 2874 1451 2914 nnodum
1467 2874 1582 2904 efficere
1596 2876 1648 2914 qui
1665 2875 1776 2906 foliolis
1791 2876 1967 2907 cadentibus

253 2932 386 2970 persistit
400 2930 575 2969 crescitque,
591 2936 645 2958 aut
659 2931 690 2958 in
707 2929 839 2967 spinulas
854 2930 937 2958 uervi
954 2936 1030 2965 tres,
1049 2929 1103 2967 qui
1125 2929 1156 2956 in
1174 2937 1209 2956 eo
1227 2934 1423 2963 concurrunt,
1439 2926 1624 2966 quandoque
1638 2927 1860 2966 producuntur.
1880 2929 1962 2958 Hanc

252 2991 370 3023 partem
380 2983 556 3021 ριιΙνιηιιΙιιηι
571 2981 757 3020 appellamus
770 3003 776 3016 ‚
790 2992 970 3020 ramumque
982 2981 1159 3019 depressum
1176 2980 1219 3009 vel
1232 2980 1406 3009 abortivum
1418 3002 1425 3016 ‚
1438 2990 1518 3008 nunc
1533 2979 1683 3009 larvatum
1695 2987 1725 3009 et
1737 2982 1786 3010 vix
1803 2981 1965 3017 visibilem,

254 3048 333 3066 nunc
348 3035 450 3065 lectuli
466 3034 557 3064 modo
569 3033 690 3072 stipulis
701 3033 890 3072 bracteisque
905 3034 1049 3062 concretis
1062 3033 1110 3062 vel
1121 3039 1258 3062 tomento
1269 3032 1400 3062 farctum
1412 3054 1419 3068 ,
1432 3033 1559 3061 culcitam
1570 3033 1772 3061 nominamus.
