2432 3969
1314 465 1486 512 (322)

537 556 645 595 Laud„
658 567 728 597 pag.
744 557 811 586 182.
825 555 972 590 -Lam.,
985 554 1075 590 Ena,
1088 553 1138 583 vol.
1158 554 1170 580 1
1186 563 1274 592 ,paga
1290 552 1358 583 5328.
1377 569 1416 575 —
1430 553 1553 589 Gae1·!n.,
1570 553 1638 590 Fa,
1657 553 1708 583 vol.
1722 554 1740 583 2
1752 575 1761 591 ‚
1781 554 1835 584 tab.
1855 554 1912 585 166
1923 553 1998 594 ‚fig-
2014 556 2040 585 1.
2059 570 2098 578 —-
2112 555 2195 592 DC„
2215 555 2265 586 Pl.

539 632 651 663 grass-3
667 621 721 651 rab.
741 621 787 650 12.
803 619 950 654 -Less.‚
963 617 990 645 S
990 628 1038 655 γη.
1053 628 1154 655 comp„
1164 628 1237 658 pag.
1256 617 1326 647 395.
2137 610 2140 611 ⁷

578 685 700 716 Kleinia
714 681 875 713 neriifolia.
895 682 995 718 Ham,
1010 681 1037 710 S
1038 692 1097 711 uec.
1113 682 1170 722 pL,
1187 693 1259 722 pag.
1276 682 1346 712 312.
1363 682 1504 720 -Buclz,
1527 683 1649 720 Canem,
1669 693 1761 723 pagg.
1789 681 1848 711 150
1867 689 1893 711 ει
1912 682 1980 712 165.
1996 700 2036 706 —
2049 684 2127 721 DC„
2148 684 2264 715 Prodr..

538 750 594 780 vol.
610 751 630 780 6
639 773 646 785 ,
660 759 731 789 pag.
749 748 808 778 338
821 746 906 787 (syn.
921 746 953 778 C.
966 747 1000 778 B.
1015 746 1150 777 excludit
1165 746 1259 777 Clusii
1271 749 1343 778 vero
1356 748 1496 778 admittit
1506 747 1577 777 licet
1587 758 1682 777 unam
1696 747 1886 787 eandemque
1895 746 2029 777 habeant
2046 748 2205 788 plantam).

576 813 686 844 Berode
694 835 706 850 ,
726 807 977 851 Canariensiuxn,
999 822 1036 842 ex
1050 811 1151 842 Webb
1162 834 1170 848 ,
1183 816 1237 842 aut
1256 813 1292 844 V
1289 812 1372 842 erode
1389 813 1436 842 uti
1456 812 1491 842 cl.
1512 811 1599 842 Buch
1614 812 1707 850 vult.,
1719 823 1791 842 nam
1810 812 1928 842 litteras
1942 813 1969 840 B
1985 817 2016 842 et
2033 813 2065 843 V
2076 813 2269 844 confundunt

536 878 672 920 Hispani.
880 873 882 875 Ι

583 960 672 993 ΗΑΒ.
693 957 745 993 Ad
759 948 875 1001 littora
892 957 1007 992 omnia
1027 957 1216 991 insularum
1234 955 1494 990 Canariensium
1508 955 1657 1003 vulgaris
1674 968 1683 990 ε
1700 955 1837 990 Webb!
1860 956 1894 990 in
1912 955 2021 990 hortis
2033 955 2215 990 Britanniae
2227 967 2266 989 ex

534 1043 624 1067 anno
654 1031 747 1079 1732
768 1033 786 1066 a
807 1032 849 1066 cl.
874 1029 1022 1066 Sherard
1050 1030 1181 1074 cultus,
1206 1036 1241 1063 et
1268 1040 1359 1062 nunc
1390 1028 1423 1061 in
1453 1027 1626 1076 tepidariis
1650 1030 1800 1077 Europae
1828 1037 1890 1064 sat.
1913 1029 2083 1075 vulgaris,
2107 1029 2142 1063 in
2167 1028 2267 1063 horto

534 1106 694 1142 Kewensi
713 1105 907 1153 Septembri
921 1113 954 1139 et
971 1104 1115 1138 Octobri
1137 1103 1276 1138 florens.

582 1182 741 1214 DlsTmss.
758 1190 885 1213 Gssocn.
909 1178 1016 1224 Stirps
1033 1177 1258 1212 Canariensis.

571 1265 687 1296 DEscn.
701 1265 726 1294 F
728 1275 821 1294 norm
833 1273 987 1300 carnosus,
1000 1262 1166 1291 exsiccatus
1180 1259 1375 1300 fragillimus,
1390 1260 1603 1300 ghherrimus,
1619 1261 1751 1300 exceptis
1766 1261 1970 1299 cicatricibus,
1985 1262 2002 1289 a
2017 1260 2162 1290 foliorum
2176 1261 2267 1290 inser-

530 1330 614 1359 tione
633 1330 707 1358 ortis
720 1351 727 1365 ,
747 1328 826 1357 infra
844 1326 1059 1356 describendis.
1083 1325 1188 1354 Citius
1210 1335 1245 1354 ex
1267 1324 1353 1354 Lam.
1366 1324 1388 1355 l.
1409 1336 1434 1354 c.
1452 1326 1507 1365 qui
1526 1325 1665 1365 plantam
1677 1349 1685 1364 ,
1702 1327 1735 1355 in
1752 1325 1845 1354 horto
1860 1327 1964 1365 paris,
1978 1326 2082 1356 vivam
2096 1326 2267 1357 observavit

530 1393 772 1423 viridi-cinereus
782 1415 790 1430 ‚
801 1393 855 1422 3-4
869 1391 1002 1431 pedalis,
1018 1390 1212 1427 articulatus,
1225 1390 1288 1419 imo
1301 1400 1337 1418 ex
1347 1389 1452 1419 Miller
1462 1389 1483 1420 l.
1496 1399 1522 1419 c.
1536 1391 1606 1421 8-10
1616 1389 1708 1429 pedes
1723 1389 1813 1420 altus.
1827 1390 1924 1427 Ram,
1935 1390 2070 1420 herbarii
2087 1391 2159 1427 mei,
2171 1392 2189 1419 a
2202 1390 2268 1420 basi

529 1459 569 1489 ad
581 1460 699 1499 apicem
713 1459 811 1498 usque
822 1458 874 1488 4-6
889 1457 979 1497 poll„
990 1458 1007 1485 ἒι
1016 1456 1081 1486 basi
1093 1456 1132 1485 ad
1142 1456 1398 1485 inflorescentiam
1412 1456 1510 1495 usque
1523 1458 1577 1486 1-3
1590 1455 1664 1495 poll.
1681 1455 1781 1496 longi,
1794 1462 1904 1485 teretes
1914 1478 1923 1493 ,
1937 1455 2068 1485 ise-fere
2082 1457 2096 1485 1
2110 1455 2184 1495 poll.
2197 1454 2268 1485 dia-

530 1529 630 1553 metro
645 1523 824 1559 metientes,
837 1522 921 1560 apice
936 1520 1081 1550 foliorum
1096 1530 1164 1549 rosa
1178 1520 1330 1556 coronati,
1344 1520 1377 1548 in
1391 1530 1525 1559 quorum
1545 1526 1650 1550 centro
1670 1507 1781 1550 ramuli
1800 1520 1927 1560 plurimi
1941 1531 2003 1549 uno
2023 1520 2110 1560 quasi
2123 1521 2139 1549 ὲ
2154 1526 2267 1559 puncto

530 1587 685 1624 oriuntur,
697 1586 867 1616 umbellam
878 1585 1054 1615 formantes.
1070 1585 1187 1614 Ramus
1197 1584 1333 1614 ceterum
1347 1595 1500 1623 carnosus,
1513 1586 1660 1625 utrinque
1671 1585 1762 1625 paulo
1773 1591 1962 1621 attenuatus,
1976 1591 2006 1614 et
2019 1585 2092 1614 hinc
2107 1584 2268 1615 subovato-

529 1650 684 1690 'ellipticus
695 1674 702 1689 ,
713 1651 828 1691 glaber,
840 1650 942 1680 nudus
957 1656 988 1680 et
1000 1649 1123 1679 tantum
1136 1649 1328 1679 cicatricibus
1342 1656 1467 1679 notatus
1476 1673 1484 1687 ,
1496 1651 1513 1679 ἐι
1527 1650 1673 1679 foliorum
1687 1650 1883 1690 delapsorum
1898 1650 2063 1680 insertione
2080 1651 2154 1679 ortis
2166 1672 2174 1686 ,
2186 1649 2268 1679 orbi-

529 1716 758 1753 culam-ovans,
773 1716 866 1756 paulo
880 1715 1138 1756 prominentibus,
1156 1714 1204 1745 5l4
1218 1714 1272 1745 lin.
1291 1714 1444 1744 diametro
1458 1714 1669 1750 metientibus,
1685 1715 1820 1744 tenuiter
1829 1714 2265 1751 albo-araneoso-tomentosis,

529 1783 632 1812 medio
646 1793 719 1821 poro
734 1782 879 1817 munitis,
893 1781 925 1809 in
940 1781 1030 1809 series
1045 1779 1203 1818 parallelas
1213 1802 1222 1816 ‚
1238 1780 1361 1819 spii-ales
1371 1780 1464 1809 simili
1478 1779 1570 1809 modo
1585 1778 1632 1809 iiti
1647 1781 1680 1809 in
1690 1779 1825 1809 strobilis
1839 1779 1909 1808 Pini
1925 1778 2087 1817 dispositis.
2101 1778 2204 1814 Foris,
2219 1782 2266 1808 uti

527 1850 589 1887 jam
603 1848 729 1883 monui,
747 1847 785 1876 acl
804 1847 922 1886 apicem
941 1856 1101 1875 ramorum
1116 1855 1216 1874 rosam
1231 1845 1410 1882 efficientia,
1426 1855 1590 1874 numerosa
1604 1847 1674 1874 ante
1694 1844 1837 1873 anthesin
1849 1866 1857 1880 ‚
1872 1850 1941 1882 post
1960 1843 2103 1872 anthesin
2121 1843 2266 1882 pleraque

528 1913 656 1943 decidua
668 1920 698 1942 et
712 1913 830 1941 minora
842 1911 965 1940 tantum
980 1910 1113 1946 residua,
1125 1916 1194 1949 post
1204 1909 1410 1939 achaeniorum
1421 1910 1633 1938 maturitatem
1648 1909 1720 1938 vero
1734 1917 1831 1946 pauca
1845 1913 1876 1936 et
1891 1907 1941 1937 vix
1953 1906 2027 1944 ulla,
2041 1906 2153 1946 pallide
2165 1908 2267 1937 viren-

527 1978 581 2014 tia,
593 1978 710 2017 glauca,
726 1978 782 2005 1-2
796 1975 868 2014 poll.
883 1975 986 2015 longa,
1004 1976 1018 2004 1
1037 1974 1187 2005 112-31111.
1201 1974 1276 2011 lata,
1291 1973 1416 2004 obverse
1429 1972 1609 2009 lanceolata,
1622 1971 1839 2011 sublingulata‚
1849 1971 2137 2019 carinataasuperne
2146 1970 2263 2008 latiora,

527 2043 636 2073 obtusa
647 2065 654 2079 ‚
668 2041 849 2081 corpusculo
868 2040 1036 2070 suhcorneo
1052 2041 1216 2070 terminata
1227 2062 1234 2076 ‚
1247 2039 1336 2068 basin
1347 2039 1451 2070 versus
1465 2038 1557 2078 paulo
1573 2044 1729 2078 angustata
1740 2060 1749 2074 ‚
1764 2037 1830 2067 basi
1846 2038 1911 2077 ipsa
1924 2020 2037 2081 lzitzit''›}}''1⁴
2043 2043 2074 2067 et
2086 2038 2117 2066 in
2134 2039 2264 2076 piamun

526 2107 727 2138 orbicularem
741 2106 868 2135 dilatata
877 2128 886 2144 ‚
899 2106 1110 2145 integerrima,
1123 2115 1247 2134 carnosa
1260 2127 1268 2142 ‚
1284 2106 1431 2134 exsiccata
1447 2104 1659 2143 subpellucida
1673 2109 1703 2134 et
1715 2103 1836 2143 punctis
1850 2086 2018 2141 majoribus
2029 2101 2264 2142 minoribusque

526 2171 703 2202 orbiculatis
722 2171 843 2200 munita
856 2192 864 2208 ‚
882 2170 979 2215 magis
998 2169 1171 2209 diaphanis.
1196 2169 1280 2199 Intra
1300 2169 1374 2199 solia
1389 2170 1464 2208 saepe
1479 2169 1621 2198 oriuntur
1635 2168 1736 2208 plures
1747 2191 1755 2204 ,
1769 2167 1820 2198 3-4
1838 2167 1913 2206 poll.
1928 2167 2028 2207 longi,
2042 2169 2056 2196 1
2073 2167 2129 2196 lin.
2147 2167 2264 2196 circiter

526 2238 675 2267 diametro
690 2236 869 2272 metientes,
883 2233 981 2274 glabri
994 2257 1001 2271 ‚
1015 2234 1092 2264 nudi
1105 2257 1113 2272 ‚
1128 2234 1172 2274 pl.
1191 2235 1282 2273 supra
1292 2256 1301 2272 ,
1317 2234 1416 2263 rarius
1431 2234 1509 2263 infra
1525 2234 1664 2264 medium
1684 2235 1717 2264 in
1731 2221 1914 2274 corymbum
1930 2232 2025 2263 soluti
2039 2233 2243 2272 compositum
2254 2255 2262 2269 ‚

525 2303 599 2332 5-20
616 2300 790 2341 cephalum.
809 2299 935 2329 Ramuli
955 2299 1116 2329 inferiores
1131 2309 1193 2329 non
1208 2299 1240 2328 in
1253 2300 1301 2329 axi
1315 2299 1484 2339 squamulae
1499 2299 1548 2329 vel
1561 2299 1629 2329 folii
1650 2300 1782 2329 orientes
1801 2298 1948 2339 corymbo
1968 2298 2176 2328 terminantur
2191 2298 2263 2327 sim-

524 2367 596 2407 plici
610 2389 618 2404 ,
634 2365 729 2396 rarius
745 2359 915 2404 composito
928 2363 1102 2403 6-cephalo.
1121 2363 1286 2393 ancELm
1302 2364 1334 2393 in
1346 2364 1395 2393 axi
1410 2363 1508 2394 folioli
1525 2363 1936 2403 angusto-lineari-subulati
1951 2363 2099 2400 orientes,
2111 2362 2156 2401 pl.
2171 2364 2190 2392 3
2204 2361 2260 2393 lin.

523 2431 607 2471 longi
629 2438 719 2469 sunt,
735 2430 811 2460 nudi
830 2430 939 2460 ilci-112
961 2429 1034 2469 poll.
1059 2428 1153 2468 longi.
1177 2429 1369 2458 InvoLucntxM
1392 2429 1619 2469 cylindraceum
1632 2451 1640 2466 ,
1656 2429 1712 2458 5-6
1730 2429 1784 2459 lin.
1807 2428 1954 2467 longum,
1969 2427 2018 2459 5s4
2040 2427 2095 2457 lin.
2113 2427 2262 2456 diametro

526 2498 654 2527 metiens
665 2520 672 2532 ‚
684 2495 834 2526 biseriale.
854 2495 952 2524 Series
964 2495 1084 2524 interna
1096 2495 1112 2523 ὲ
1126 2493 1240 2522 foliolis
1253 2494 1422 2532 composita
1431 2499 1477 2534 est
1487 2503 1518 2522 n.
1533 2492 1551 2520 5
1565 2491 1876 2531 oblongo-linearibus
1884 2513 1893 2528 ,
1909 2490 2118 2528 acutiusculis,
2136 2492 2190 2521 1-1
2209 2492 2222 2519 1
2230 2491 2260 2529 (2

525 2563 581 2593 lin.
595 2561 665 2590 latis
680 2583 687 2596 ,
704 2559 842 2589 concavis
852 2581 862 2596 ,
879 2558 1018 2587 coriaceis
1027 2579 1035 2593 ‚
1046 2556 1194 2585 brunneis
1205 2578 1212 2591 ‚
1226 2544 1492 2594 longitudinaliter
1502 2555 1616 2584 striatis
1626 2577 1634 2592 ‚
1646 2556 1816 2594 marginem
1830 2555 1934 2585 versus
1950 2555 2133 2584 scariositate
2147 2554 2262 2594 pallida

526 2627 645 2663 cinctis,
658 2626 691 2654 in
700 2624 783 2653 binis
793 2623 922 2652 internis
932 2621 1041 2651 latiore
1052 2632 1060 2656 ;
1074 2621 1165 2649 series
1179 2625 1303 2649 externa
1316 2619 1432 2659 pariter
1440 2617 1514 2649 folia
1522 2618 1617 2649 habet
1631 2630 1660 2648 n.
1676 2620 1694 2648 5
1709 2619 1762 2649 sed
1773 2619 1867 2659 triplo
1881 2618 2094 2658 quadruplove
2109 2618 2258 2656 breviora,

525 2690 652 2730 anguste
664 2685 929 2718 lineari-subulam
942 2707 951 2724 ‚
962 2685 1108 2725 patentia.
1125 2683 1241 2724 Saepius
1253 2693 1354 2713 unum
1363 2682 1533 2714 alterumve
1547 2683 1662 2713 borum
1672 2683 1853 2714 soliolorum
1866 2683 1958 2723 paulo
1969 2683 2048 2713 infra
2064 2683 2260 2714 involucrum

523 2762 609 2796 parte
623 2752 764 2794 pedicelli
783 2751 938 2791 superiore
951 2750 1077 2780 affixum
1088 2756 1142 2781 est.
1158 2749 1232 2780 Post
1242 2749 1448 2780 achaeniorum
1462 2750 1674 2780 maturitatem
1687 2749 1838 2781 involucri
1848 2748 1953 2779 foliola
1968 2747 2086 2778 stellate
2096 2754 2202 2788 patent
2211 2748 2260 2779 vel

522 2820 791 2852 subressectuntur.
808 2817 1045 2847 Rncrpucumn
1057 2827 1189 2856 parvum
1201 2838 1209 2854 ‚
1221 2815 1270 2858 314
1284 2815 1338 2846 lin.
1353 2815 1503 2845 diametro
1518 2816 1648 2846 metiens
1657 2839 1665 2852 ,
1677 2815 1958 2856 plano-convexum
1972 2837 1979 2850 ‚
1996 2813 2136 2851 nudum,
2148 2813 2259 2843 reticu—

522 2881 1026 2923 lato-areolatum,3punetulatun1.
1040 2881 1208 2914 Carnorum
1221 2881 1456 2922 homogamum,
1468 2881 1669 2920 7-9-fl01-um‚
1684 2880 1811 2911 floribus
1822 2879 1966 2911 omnibus
1982 2877 2256 2917 hermaphroditis,

522 2951 675 2982 tubulosis
687 2973 696 2988 ‚
708 2948 819 2979 albidis
833 2958 869 2978 ex
883 2947 1007 2984 DG.‚›in
1025 2952 1108 2977 statu
1122 2947 1269 2977 exsiccato
1283 2946 1396 2986 pallide
1409 2947 1495 2978 flavis
1506 2971 1514 2985 ,
1531 2949 1583 2978 7-8
1597 2947 1653 2979 lin.
1670 2947 1769 2988 longis
1779 2970 1788 2984 ‚
1802 2946 1974 2977 10-striatis.
1995 2943 2105 2992 Tubus
2117 2944 2258 2983 proprior

522 3016 642 3048 inferne
655 3015 810 3053 dilatatus,
823 3012 1051 3055 campanulam,
1063 3013 1149 3054 apice
1163 3013 1196 3044 in
1210 3011 1317 3043 dentes
1326 3013 1345 3043 5
1356 3013 1668 3055 ovato-triangulares,
1680 3014 1810 3056 superne
1821 3017 1993 3045 attenuatos
2008 3015 2039 3041 et
2048 3007 2255 3051 glandulosos,
