2432 3969
958 489 1127 536 (345)

234 585 387 618 Disrmn.
407 594 532 617 Gssocn.
557 581 644 616 Hab.
664 583 826 628 praetcreh
852 582 883 615 in
909 580 1066 615 Maderii:
1087 580 1120 614 in
1147 579 1310 625 rupibu5‚
1326 580 1366 613 F.
1386 580 1520 613 Masson
1537 577 1569 622 ἱ,
1582 577 1723 612 Webb!
1743 577 1909 622 3P1cem⁴0

183 656 325 692 Samo.-
349 656 507 699 Webb!‚
530 655 618 690 uude
642 656 673 690 in
701 656 819 690 hortos
847 654 1005 702 migravit
1028 666 1057 686 e.
1086 665 1114 698 g.
1140 664 1229 686 anno
1257 652 1346 699 1784
1371 652 1401 686 in
1432 654 1532 686 Hort.
1558 653 1655 685 Kew.
1678 652 1696 685 ὶι
1721 650 1763 686 cl.
1787 652 1854 685 Lee
1879 659 1914 685 et

185 730 365 777 Kennedy.

224 801 331 832 Dflscn.
351 801 522 831 Surrnun-:x
542 801 694 840 speciosus
707 801 780 830 2-3-
794 799 910 839 pedalis
931 807 961 829 et
975 799 1064 829 altior
1075 809 1110 829 ex
1122 799 1209 829 Linn.
1224 798 1247 827 f.
1260 798 1280 829 l.
1296 809 1335 834 c.,
1350 809 1404 837 pro
1417 800 1509 838 Agua
1523 800 1630 827 Manza
1646 808 1771 837 magnos
1788 797 1915 827 frutices

186 867 320 896 formans
335 877 371 896 ex
386 866 471 896 Buch
487 867 507 898 l.
522 878 561 902 c.‚
575 866 660 896 caule
677 865 800 894 elatiore
815 865 991 901 ramosiore,
1005 864 1084 893 foliis
1095 864 1272 902 majoribus,
1284 865 1380 903 magis
1394 863 1591 900 distantibus,
1604 863 1828 893 subinvolucro
1843 865 1915 893 vero

188 934 283 972 magis
298 933 441 961 confertis
455 942 548 971 quam
563 933 595 960 in
610 933 705 970 specie
719 931 799 960 affini
810 954 817 966 ,
832 930 950 959 Carlinri
967 929 1218 959 xeranthemoide
1228 952 1235 966 ,
1245 928 1400 968 graciliore
1411 952 1418 966 ,
1432 928 1628 967 elegantiore,
1641 930 1777 967 squamis
1792 928 1918 958 involu-

188 998 230 1026 cri
246 999 340 1036 magis
362 996 549 1025 radiantibus
566 995 699 1035 praeclitzi.
720 995 892 1034 Specimina
906 995 1038 1024 herbarii
1058 996 1118 1024 mei
1134 1001 1205 1024 sunt
1222 992 1659 1033 spithamaea-sesquipedalia;
1675 993 1769 1023 caulis
1790 994 1920 1023 adscen-

189 1061 263 1091 dens
275 1084 282 1098 ,
295 1061 411 1090 inferne
425 1063 437 1090 1
454 1062 533 1089 1f2-2
550 1060 604 1091 lin.
619 1060 769 1090 diametro
785 1060 914 1090 metiens
926 1084 933 1096 ,
951 1061 1096 1098 solimus,
1116 1071 1254 1090 ramosus
1265 1083 1275 1098 ,
1294 1060 1387 1089 ramis
1407 1060 1456 1093 3-[2
1476 1060 1552 1098 saepe
1573 1059 1660 1098 quasi
1681 1069 1744 1088 uno
1766 1060 1782 1088 e
1804 1066 1919 1098 puncto

190 1126 360 1156 orientibus
371 1149 378 1162 ,
390 1126 535 1166 corymbo
551 1125 738 1165 subsiniplici
755 1127 953 1159 terminatus,
970 1128 1036 1156 raro
1052 1126 1299 1166 monocephalus,
1314 1125 1605 1162 albo-tomentosus‚
1618 1132 1757 1155 tomento
1772 1135 1920 1164 pannoso,

190 1191 276 1220 facile
288 1190 471 1231 detergendo
481 1213 489 1228 ‚
502 1192 518 1220 ὲ
534 1190 591 1219 filis
606 1198 747 1220 contexto
762 1191 865 1229 crispis
880 1198 914 1220 ut
929 1192 960 1220 in
976 1193 1072 1231 specie
1084 1192 1175 1221 affini.
1188 1192 1306 1221 Lioxuu
1323 1191 1439 1221 durum
1455 1190 1753 1221 flavescenti-album
1763 1212 1770 1226 ‚
1784 1189 1920 1218 medulla

191 1255 259 1285 alba
274 1266 451 1295 percursum
470 1255 608 1290 centrali,
621 1257 733 1284 cortice
748 1255 845 1285 dilute
857 1257 1220 1295 virenti-brurmescente,
1231 1258 1348 1297 glabro,
1361 1257 1432 1287 dein
1453 1258 1577 1286 rimoso.
1593 1256 1686 1285 Fons
1697 1257 1714 1284 a
1723 1255 1788 1284 basi
1803 1254 1842 1284 ad
1852 1265 1924 1284 cau-

191 1322 230 1352 lis
241 1322 357 1361 apicem
372 1321 468 1360 usque
481 1320 559 1349 linea
573 1319 675 1359 spirali
690 1320 846 1359 disposita,
860 1321 891 1350 iu
907 1321 1018 1360 plantae
1034 1329 1118 1361 parte
1136 1330 1222 1352 aetate
1236 1324 1424 1362 provectiore
1441 1322 1595 1352 destructa
1606 1328 1637 1351 et
1651 1321 1773 1350 tantum
1785 1321 1922 1350 cicatrice

194 1393 300 1416 notata
319 1387 513 1425 inconspicua
526 1409 533 1421 ,
555 1386 747 1415 transversali
756 1404 771 1409 -
782 1386 958 1426 triangulari
971 1410 978 1423 ‚
997 1389 1014 1416 2
1035 1387 1087 1417 lin.
1110 1388 1171 1417 lata
1183 1410 1190 1424 ‚
1208 1388 1401 1427 longitudine
1416 1389 1435 1417 2
1444 1388 1480 1417 -6
1492 1387 1547 1416 lin.
1561 1387 1706 1416 distantia
1718 1409 1726 1423 ,
1738 1396 1808 1426 ergo
1822 1385 1922 1415 multo

197 1451 299 1480 minus
318 1462 412 1490 quam
433 1451 552 1480 carlina
568 1450 816 1480 xeranthemoide
837 1451 973 1481 conferta
983 1474 990 1488 ‚
1008 1451 1109 1491 quoad
1128 1451 1260 1481 sormam
1275 1458 1305 1481 et
1319 1452 1489 1490 marginem
1503 1450 1590 1481 valde
1602 1450 1752 1480 variantia
1762 1473 1769 1487 ,
1789 1451 1919 1488 superne

197 1515 290 1555 paulo
308 1515 506 1545 decrescentia
517 1537 525 1549 ‚
539 1514 595 1544 1-4
609 1516 653 1543 1f‘2
668 1515 708 1553 pl.
725 1517 743 1544 2
754 1516 841 1546 112-:3
855 1514 930 1553 poll.
945 1515 1033 1554 longa
1043 1537 1051 1551 ‚
1065 1516 1116 1544 1-7
1127 1514 1168 1553 pl.
1186 1517 1240 1545 3-3
1254 1517 1300 1545 1s‘2
1314 1516 1369 1546 lin.
1383 1515 1446 1544 lata
1456 1538 1465 1552 ,
1476 1514 1776 1544 lineari-lanceolata
1789 1538 1796 1551 ,
1811 1526 1837 1545 v.
1855 1515 1925 1545 lan-

197 1581 322 1617 ceolata,
336 1581 478 1617 coriacea,
490 1581 581 1618 supra
595 1580 708 1619 glabra,
721 1579 921 1616 subnitentia,
936 1580 1104 1615 reticulata,
1117 1580 1195 1609 infra
1208 1587 1347 1609 tomento
1361 1579 1432 1609 albo
1447 1590 1586 1618 pannoso
1597 1602 1605 1616 ‚
1618 1579 1712 1608 denso
1725 1603 1732 1615 ,
1747 1579 1817 1609 albo
1830 1581 1924 1610 vires-

197 1651 283 1674 cente
306 1645 426 1673 munita
446 1645 590 1683 utrinque
613 1651 769 1673 attenuata
782 1668 789 1679 ‚
806 1644 917 1673 sessilia
931 1666 938 1680 ‚
957 1645 1036 1673 costa
1060 1644 1138 1673 infr-'¹
1158 1644 1320 1682 valdopere
1344 1645 1541 1683 prominente
1565 1655 1707 1682 percursa
1720 1667 1727 1681 ‚
1743 1645 1827 1683 apice
1841 1646 1926 1684 spinei

197 1711 369 1746 terminata,
381 1710 472 1746 recta,
487 1711 576 1739 1s3-2
587 1708 629 1748 pl.
644 1712 658 1738 1
676 1709 731 1738 lin.
745 1709 845 1749 longa,
857 1716 1023 1749 pungente,
1035 1709 1351 1740 albo-brunnescente.
1363 1709 1411 1739 Ab
1428 1709 1605 1739 auctoribus
1619 1709 1693 1739 folia
1707 1710 1799 1749 plana
1813 1710 1927 1740 descri-

197 1775 330 1809 buntur3
347 1776 450 1804 revera
471 1782 575 1804 autem
593 1775 728 1815 margine
750 1774 842 1814 paulo
861 1782 933 1804 sunt
953 1774 1090 1805 revoluta
1102 1798 1109 1811 ,
1127 1785 1208 1804 nunc
1230 1774 1408 1815 subintegra
1422 1776 1443 1804 i.
1457 1786 1482 1804 e.
1499 1776 1550 1804 vix
1561 1777 1720 1814 spinarum
1742 1775 1926 1806 rudimentis

198 1842 332 1881 margine
348 1840 520 1870 subserrata
532 1864 539 1876 ,
553 1840 603 1870 vel
616 1841 739 1870 tantum
753 1840 818 1870 basi
832 1841 927 1880 spinis
941 1840 1098 1870 nonnullis
1112 1841 1259 1881 utrinque
1278 1848 1366 1871 aucta
1379 1864 1386 1878 ‚
1399 1841 1450 1871 vel
1464 1843 1561 1881 spinis
1575 1842 1722 1882 elongatis
1735 1866 1742 1878 ‚
1755 1844 1773 1871 2
1789 1842 1843 1873 lin.
1858 1842 1927 1872 lon-

198 1907 242 1946 gis
254 1930 262 1943 ‚
276 1905 445 1937 intervallis
460 1907 515 1935 2-8
529 1905 585 1934 lin.
607 1906 742 1942 munita,
759 1905 798 1935 ad
812 1905 878 1935 solii
893 1905 979 1935 basin
993 1905 1179 1945 quandoque
1196 1907 1241 1935 3-
1252 1906 1271 1935 4
1289 1908 1438 1946 utrinque
1457 1908 1600 1937 consertis
1614 1921 1620 1943 ;
1638 1907 1824 1948 quandoque
1845 1918 1928 1938 more

198 1971 285 2001 Cirsii
300 1971 339 2001 ad
354 1973 447 2011 spinae
458 1971 544 2001 basin
559 1971 735 2000 secundaria
751 1972 850 2000 oritur
861 1971 1136 2000 arrecto-introrsa.
1148 1970 1285 2010 Superne
1300 1971 1395 2000 caulis
1410 1972 1443 2000 in
1457 1983 1558 2002 ramos
1573 1972 1649 2008 abit,
1667 1973 1854 2012 quandoque
1874 1973 1929 2003 3-4

201 2048 261 2066 uno
276 2038 362 2077 quasi
372 2038 388 2066 ὲ
398 2044 512 2076 puncto
527 2038 657 2066 orientes
669 2060 678 2074 ,
693 2036 1052 2076 palmares-spithamaeos
1066 2042 1096 2065 et
1111 2035 1210 2064 mulie>
1225 2035 1388 2074 longiores,
1408 2036 1490 2065 soliis
1505 2036 1634 2066 caulinis
1649 2037 1741 2076 paulo
1757 2038 1928 2067 minoribus

200 2104 332 2141 foliatos,
343 2105 426 2144 apice
440 2104 586 2144 corymbo
602 2104 732 2143 simplici
744 2103 792 2133 vel
806 2104 974 2143 composito
988 2105 1054 2133 2-8-
1066 2102 1193 2142 cephalo
1208 2104 1401 2140 terminatos,
1418 2104 1516 2133 rarius
1536 2104 1782 2144 monocephalos.
1801 2105 1929 2135 Commu:

202 2171 278 2200 rami
298 2170 455 2199 inferiores
470 2170 535 2199 3-5
549 2169 623 2209 poll.
643 2169 697 2199 alti
710 2192 717 2205 ,
735 2170 804 2199 2-3-
819 2169 955 2208 cephali,
970 2169 1009 2199 ad
1019 2169 1068 2199 vel
1080 2169 1159 2198 infra
1175 2169 1314 2199 medium
1328 2169 1441 2199 ramosi
1454 2193 1462 2205 ,
1479 2176 1510 2199 et
1524 2170 1602 2199 infra
1618 2181 1718 2200 ramos
1732 2170 1812 2200 foliis
1827 2172 1932 2210 paucis

203 2235 342 2264 instructi
353 2257 361 2271 ,
372 2233 482 2274 reliqui
494 2233 717 2273 monocephali.
730 2233 901 2263 Psnumcum
912 2234 944 2262 in
954 2235 1002 2263 axi
1014 2234 1160 2264 foliorum
1174 2234 1302 2264 caulinis
1319 2235 1518 2275 analogorum
1530 2258 1537 2270 ,
1551 2235 1603 2264 sed
1616 2236 1774 2265 minorum
1785 2236 1929 2272 orientes,

203 2310 273 2329 cum
286 2299 427 2338 capitulis
440 2299 488 2328 1-4
499 2321 507 2336 ‚
518 2298 560 2338 pl.
574 2299 626 2328 2-3
640 2297 713 2337 poll.
727 2297 809 2338 longi
822 2321 830 2334 ,
842 2298 1000 2328 divaricati
1012 2322 1019 2335 ‚
1032 2298 1226 2329 involucrum
1238 2300 1344 2329 versus
1358 2300 1654 2330 clavato-incrassati
1667 2324 1674 2338 ,
1688 2301 1770 2330 foliis
1784 2303 1932 2341 praecipue

203 2365 333 2404 superne
348 2364 480 2401 muniti,
493 2363 621 2393 caulinis
635 2363 767 2403 analogis
779 2386 787 2400 ,
803 2363 855 2393 sed
869 2363 964 2402 duplo
978 2365 1097 2394 circiter
1111 2365 1282 2395 minoribus
1291 2389 1299 2403 ‚
1315 2365 1373 2395 sub
1387 2366 1546 2396 involucro
1561 2366 1654 2396 simili
1675 2366 1768 2396 modo
1790 2368 1834 2396 uti
1855 2367 1931 2396 Car-

203 2429 301 2459 thami
315 2429 463 2466 tinctorii,
475 2428 579 2466 Linn.,
589 2429 652 2465 Pl„
665 2440 695 2458 n.
709 2431 740 2466 8,
751 2429 890 2465 conferti,
902 2429 1085 2468 capitulum,
1100 2431 1164 2459 imo
1179 2431 1366 2471 quandoque
1382 2431 1479 2471 duplo
1494 2432 1710 2471 superantibus
1721 2455 1728 2468 ‚
1739 2431 1932 2462 lineari-lan-

204 2495 326 2525 ceolatis
337 2494 384 2524 vel
397 2493 721 2534 lanceolato-ellipticis
733 2517 741 2532 ,
756 2495 890 2534 margine
902 2501 932 2524 et
942 2494 1007 2524 basi
1022 2495 1262 2534 spinescentibus
1273 2496 1323 2526 vel
1337 2497 1462 2537 integris
1473 2519 1481 2534 ,
1494 2504 1525 2527 et
1539 2507 1592 2536 per
1603 2497 1716 2527 formas
1736 2499 1932 2528 intermedias

205 2560 330 2590 tandem
353 2561 385 2589 in
406 2560 556 2590 involucri
578 2571 720 2600 squamas
740 2560 979 2591 transeuntibus.
1003 2561 1171 2591 Cmurumst
1192 2562 1363 2601 speciosum
1375 2584 1382 2599 ‚
1402 2561 1529 2591 Carlinae
1553 2561 1814 2592 xeranthemoidis
1836 2563 1931 2603 duplo

206 2626 305 2663 majus
317 2648 325 2662 ‚
337 2624 543 2654 multiflorum
554 2648 562 2662 ‚
575 2625 797 2665 homogamum
807 2649 815 2661 ,
829 2636 947 2664 semper
961 2633 1108 2656 erectum.
1121 2625 1312 2655 Imvomcnum
1325 2625 1597 2665 hemisphaericum
1611 2650 1618 2662 ,
1637 2626 1702 2656 basi
1713 2629 1931 2666 ventricosum,

206 2689 672 2730 glabrescenti-arachnoideum
684 2713 692 2728 ‚
705 2690 1021 2721 viridi-brunnescens
1032 2715 1040 2727 ,
1056 2691 1254 2721 imbricatum
1265 2714 1274 2728 ,
1294 2692 1428 2732 squamis
1443 2692 1561 2722 intimis
1571 2691 1636 2730 (sed
1649 2692 1774 2723 brevius
1788 2705 1882 2734 quam
1897 2695 1930 2726 C.

208 2755 477 2794 xeranthemoidis)
491 2756 691 2794 radiantibus,
704 2757 755 2786 6-9
766 2757 820 2786 lin.
834 2757 984 2788 diametro
996 2758 1136 2794 metiens,
1148 2757 1201 2787 3-4
1215 2757 1268 2788 lin.
1283 2758 1384 2787 altum
1397 2770 1404 2794 ;
1421 2768 1556 2798 squamae
1568 2759 1719 2796 coriaceae,
1734 2766 1853 2797 erectae,
1868 2760 1933 2791 basi

208 2821 305 2861 gibbae
318 2843 326 2858 ,
340 2821 501 2850 exteriores
519 2820 795 2851 ovato-lanceolatae
807 2844 814 2859 ‚
827 2823 946 2852 extimae
960 2822 1068 2861 saepius
1078 2822 1261 2862 appendicea
1275 2822 1381 2852 soliace
1396 2825 1506 2862 parva,
1520 2824 1804 2862 ovato-lanceolata,
1816 2827 1934 2864 spinossi

211 2887 379 2916 terminatae
397 2885 446 2916 vel
465 2887 551 2925 spina
563 2887 753 2924 acuminatae,
771 2886 876 2916 formae
889 2887 973 2916 mitis
986 2886 1144 2926 simplicis,
1162 2886 1267 2916 forma:
1282 2887 1527 2928 acanthophyllae
1538 2890 1609 2918 vero
1624 2890 1754 2928 superne
1771 2889 1931 2928 pluribus;

210 2952 397 2982 intermediae
414 2951 597 2988 lanceolatae‚
609 2952 810 2991 spinescentes
823 2951 871 2981 vel
883 2958 992 2987 acutae3
1010 2952 1125 2981 intimae
1139 2952 1264 2991 anguste
1278 2951 1418 2989 lineares,
1430 2952 1634 2988 subscariosae,
1647 2953 1667 2983 6
1679 2953 1736 2983 lin.
1749 2953 1856 2994 longae,
1868 2957 1935 2990 m-

211 3021 258 3055 2s3
271 3019 326 3050 lin.
342 3019 420 3056 latae,
433 3019 541 3058 saepius
555 3019 689 3058 margine
702 3018 837 3048 obsolet‘e
850 3018 1103 3058 lacero-spinosae,
1116 3025 1203 3057 parte
1213 3019 1304 3048 tertia
1319 3019 1473 3058 superiore
1488 3027 1670 3059 angustatae,
1683 3020 1931 3056 subacuminatae,

213 3084 586 3114 straminea-subviolaceae
597 3107 605 3122 ‚
617 3083 778 3114 radiantes.
796 3083 1031 3112 Rcoerrmumn
1046 3083 1064 3111 (5
1079 3082 1135 3111 lin.
1147 3089 1178 3112 et
1192 3082 1272 3112 ulti-ii
1287 3083 1438 3113 diametro
1448 3085 1578 3114 metiens
1589 3107 1597 3121 ,
1609 3084 1736 3124 planum
1748 3108 1756 3122 ,
1767 3085 1934 3115 alveolato-

376 3163 420 3183 ιιι.
432 3169 470 3175 —
483 3152 524 3191 (2e
546 3153 638 3191 secr.)
1736 3154 1775 3186 ίιίι
