2432 3969
1237 499 1406 545 (228)

465 593 736 637 acuminatis
765 589 1205 645 instructum‚apice
1231 589 1352 631 inter
1375 589 1505 631 flores
1535 588 1964 645 hermaphroditos„
1986 589 2183 631 nudum.

466 675 682 718 ACHAENIA
701 672 893 715 obovata
908 701 917 720 ,
934 684 1203 727 compressa„
1220 669 1438 727 asperula.

523 755 691 798 Hmssffi
707 752 892 796 crateris
908 751 1227 795 Mediterranei
1250 752 1482 808 regionem
1502 750 1762 800 incolentes„
1782 765 1866 793 nec
1887 765 1984 793 non
2006 752 2056 793 in
2071 753 2187 795 insu-

467 838 517 880 lis
541 834 889 878 Canariensibus
905 833 1060 883 obviaeq
1080 847 1258 885 annuae,
1276 833 1464 890 pusillae,
1484 839 1766 885 tomentosae,
1783 831 1898 874 foliis
1916 831 2188 876 radicalibus

464 918 692 968 rosulatis„
709 916 913 960 caulibus
935 915 1149 958 brevibus
1174 916 1246 958 vel
1272 915 1497 959 subnullis
1512 950 1521 967 ,
1545 916 1775 973 capitulisq
1798 915 1848 957 in
1881 915 2186 971 glomerulum

463 1000 632 1044 coalitis
652 999 946 1052 subsessilern‚
963 998 1270 1050 terminalem,
1288 999 1557 1043 numerosis.

703 1154 738 1195 1.
771 1151 952 1194 EVAX
989 1151 1307 1194 PYGMAEA.
1340 1149 1388 1194 C.
1420 1150 1474 1194 H.
1507 1149 1728 1193 ScnULTz
1757 1149 1960 1192 B1P0NT.

511 1262 550 1294 E.
571 1259 737 1293 involucri
755 1258 904 1304 squamis
923 1265 956 1291 et
979 1258 1180 1304 receptaculi
1198 1257 1300 1304 paleis
1317 1257 1550 1300 subscariosis,
1562 1256 1749 1298 subovaffis,
1764 1254 2132 1289 aristeto-acuminatis.

499 1331 602 1370 Filago
614 1339 755 1369 pygmaea.
769 1331 868 1366 Lina„
881 1330 936 1369 Sp.
949 1330 1004 1367 pL,
1018 1330 1060 1360 ed.
1078 1332 1106 1367 1,
1116 1342 1185 1370 pag.
1200 1330 1271 1366 927,
1284 1330 1325 1360 cd.
1338 1331 1367 1365 2,
1377 1340 1446 1369 pag.
1465 1330 1538 1358 1311
1555 1327 1694 1367 (floribus
1707 1326 1860 1356 sessilihus
1871 1325 2096 1362 terminalibus,
2107 1325 2190 1354 foliis

464 1395 619 1425 floralibus
633 1394 823 1433 majoribus).
836 1412 875 1416 —
892 1394 997 1423 lVilld.
1007 1418 1014 1432 ,
1027 1396 1081 1434 Sp.
1099 1396 1138 1434 pl.
1148 1418 1155 1430 ,
1167 1406 1238 1435 pag.
1255 1395 1344 1426 2387.
1359 1411 1397 1417 --
1414 1397 1507 1431 Less„
1519 1395 1594 1433 Syn.
1610 1403 1744 1432 compo-n,
1754 1403 1824 1432 pag.
1839 1391 1908 1421 206.

498 1459 706 1498 Gnaphalium
721 1469 842 1488 roseum
857 1458 1013 1489 Hortense.
1035 1460 1069 1488 C.
1083 1460 1131 1495 B.‚
1148 1460 1212 1489 Pin.
1222 1482 1229 1496 ,
1247 1470 1314 1498 vag.
1334 1459 1404 1495 263,
1419 1458 1524 1489 Proflr.
1540 1459 1607 1487 122.
1623 1474 1663 1480 —·
1677 1458 1774 1494 Barla,
1787 1457 1844 1491 Ic„
1867 1457 1936 1493 127,
1952 1466 1981 1486 u.
2000 1458 2017 1490 Δ
2028 1478 2036 1493 ,
2051 1465 2085 1484 ex
2098 1455 2187 1484 Linn.

498 1524 705 1563 Gnaphalium
717 1527 806 1563 (spec.
823 1526 950 1560 omnes).
968 1524 1077 1561 Valla,
1092 1525 1158 1554 Act.
1175 1535 1254 1563 para,
1270 1525 1359 1560 1719,
1371 1525 1493 1562 ραὲνλίι.

498 1589 657 1619 Santolina
671 1589 756 1618 caule
775 1588 1000 1628 simplicissimo
1014 1575 1095 1617 foliis
1111 1587 1317 1627 superioribus
1329 1587 1504 1625 majoribus.
1520 1588 1608 1626 Ray„
1624 1587 1753 1626 Lugdb„
1764 1597 1837 1626 pag.
1857 1585 1922 1615 147.

492 1656 553 1679 Ons·
571 1655 624 1679 Sub
641 1656 691 1679 hac
706 1655 794 1686 specie
810 1652 1008 1685 comprehendo
1023 1653 1113 1676 Evacis
1130 1653 1275 1676 sectionem
1291 1654 1304 1676 1
1323 1652 1488 1684 (Euevacem)
1505 1652 1555 1676 DC.
1571 1659 1612 1684 pr.
1626 1654 1652 1680 5,
1665 1653 1715 1676 458
1729 1656 1755 1676 et
1768 1652 1827 1679 459,
1846 1652 1861 1675 ὲ
1874 1651 1909 1675 cl.
1925 1654 2031 1675 auctore
2047 1651 2072 1673 in
2090 1651 2105 1673 5
2121 1649 2134 1672 Ξι
2149 1649 2184 1673 cl.

464 1714 535 1738 Pcrs.
549 1713 611 1737 veri>
627 1713 653 1736 in
667 1714 682 1736 2
697 1713 812 1744 species,
829 1718 861 1735 ex
883 1711 1007 1735 soliorum
1026 1710 1158 1733 ssoralium
1175 1709 1274 1738 forma,
1292 1710 1318 1733 in
1336 1711 1384 1734 hac
1401 1711 1488 1742 specie
1503 1711 1579 1735 sicuti
1600 1711 1624 1734 in
1642 1710 1766 1742 plurimis
1778 1710 1934 1742 compositis
1951 1708 2105 1739 valdoperc,
2123 1714 2186 1739 prae-

462 1773 539 1803 cipue
554 1770 642 1803 quoad
659 1769 838 1797 latitudinem,
854 1770 973 1793 variante
984 1785 990 1796 ,
1004 1767 1128 1792 divisam.
1147 1768 1200 1792 Cel.
1213 1768 1263 1792 DC.
1278 1768 1294 1792 l.
1315 1777 1338 1793 c.
1354 1769 1474 1794 bracteas
1488 1769 1613 1794 soliaceas
1624 1788 1630 1799 ,
1644 1769 1712 1792 inter
1723 1767 1839 1800 capitula
1857 1767 1937 1791 dense
1954 1766 2110 1795 umbellam,
2127 1766 2186 1789 nul-

463 1830 502 1855 las
516 1830 684 1857 observavit;
701 1836 748 1860 ego
761 1829 822 1852 vero
840 1829 866 1851 in
884 1827 1039 1859 glomerulis
1055 1828 1158 1859 magnis
1174 1827 1334 1859 quandoque
1350 1827 1470 1852 bracteas
1483 1828 1608 1852 soliaceas
1625 1828 1694 1851 inter
1704 1826 1819 1859 capitula
1833 1826 1908 1854 vidi,
1923 1825 1994 1857 quod
2010 1826 2035 1848 in
2058 1825 2185 1855 specimi-

462 1889 541 1913 nibus
553 1888 692 1913 exsiccatis
706 1887 841 1911 difficilius
853 1891 891 1910 est
905 1886 1032 1910 distinctu
1045 1903 1050 1913 ,
1064 1887 1144 1917 quam
1163 1886 1188 1909 in
1207 1887 1275 1910 vivis
1288 1886 1328 1910 vel
1342 1888 1411 1917 aqua
1427 1886 1566 1910 emollitis.

509 1950 595 1982 ΗΑΒ.
620 1949 657 1980 In
681 1946 786 1979 insula
805 1945 947 1979 Canaria
967 1946 1075 1991 prope
1101 1943 1235 1979 Telsle:
1257 1946 1470 1992 Despre'aux!
1494 1947 1585 1979 Num
1606 1943 1797 1978 introducta
1813 1970 1821 1986 ‚
1838 1942 1917 1977 cum
1937 1943 2014 1975 ante
2034 1941 2077 1975 cl.
2104 1943 2186 1974 Des-

459 2021 583 2068 preaux
606 2020 716 2066 planta
738 2019 772 2052 in
793 2019 932 2064 regione
955 2017 1202 2052 Mediterranea
1217 2017 1450 2064 vulgatissima
1471 2017 1627 2052 nondum
1643 2017 1820 2052 observata
1839 2017 1894 2051 sit.

508 2097 663 2128 DISTIUB.
688 2104 792 2127 GEOG.
816 2094 853 2125 In
874 2091 1016 2139 apricis,
1038 2091 1252 2138 rupcstribus
1275 2100 1310 2126 et
1339 2093 1491 2126 arenosis
1519 2092 1697 2126 maritimis
1726 2093 1875 2138 Europae
1904 2089 2183 2130 Medsswmoeae,

458 2168 608 2202 Orientis
627 2175 662 2201 ct
679 2166 866 2200 insularum
885 2165 1213 2199 Mediterranearum
1234 2177 1296 2199 nec
1315 2177 1382 2199 non
1402 2165 1432 2199 in
1454 2165 1628 2200 Lusitania
1643 2172 1677 2199 ct
1691 2164 1810 2198 insulis
1832 2162 2095 2197 Canariensibus
2108 2161 2184 2195 vul-

460 2253 560 2287 garis.

493 2314 552 2338 Ons.
571 2313 659 2336 Varia!
673 2311 749 2336 caule
768 2310 892 2335 subnullo
909 2310 1029 2334 solitario
1043 2309 1084 2334 vel
1101 2309 1223 2341 pluribus
1235 2310 1277 2333 2-5
1288 2309 1400 2341 pollices
1417 2309 1504 2342 longis
1520 2309 1760 2340 adscendentibus,
1776 2308 1936 2333 intermedio
1950 2308 2112 2334 robustiori,
2128 2307 2184 2338 gio-

460 2371 614 2402 merumque
625 2369 718 2402 majori
732 2370 859 2393 instructo
871 2372 989 2392 tomento
1001 2375 1070 2392 nunc
1079 2366 1236 2391 densissimo
1248 2367 1310 2391 albo
1321 2367 1361 2392 vel
1374 2368 1462 2392 minus
1470 2368 1552 2392 denso
1560 2369 1674 2400 cinerea,
1682 2369 1814 2400 praecipue
1824 2367 1886 2392 vero
1894 2366 1983 2398 quoad
1996 2365 2057 2390 folia
2067 2364 2181 2389 floralia.

494 2431 524 2454 Α,
537 2429 619 2452 Foliis
633 2428 767 2452 floralibus
781 2427 903 2452 obovaxis
918 2426 1029 2451 obtusis.
1042 2440 1075 2444 —
1085 2428 1110 2451 1.
1129 2427 1202 2450 Evax
1212 2433 1340 2458 pygmaea.
1355 2426 1438 2455 Pers„
1453 2426 1528 2458 Syn„
1540 2427 1570 2453 2,
1583 2433 1610 2458 p.
1624 2427 1683 2452 422.
1701 2439 1729 2444 -
1740 2426 1804 2455 DC.,
1818 2424 1923 2453 Prodr.,
1936 2426 1962 2452 5,
1980 2432 2006 2456 p.
2020 2424 2079 2447 458.

492 2488 583 2520 Filago
596 2488 706 2511 acaulis.
719 2486 783 2517 All„
797 2485 872 2518 ped.,
886 2492 915 2510 n.
930 2485 991 2509 620.

492 2546 669 2578 Gnaphalium
681 2551 841 2577 pygmaeum.
854 2543 941 2572 Lam„
956 2544 1032 2570 Enc„
1048 2543 1074 2571 2,
1092 2549 1120 2574 p.
1135 2542 1193 2570 761,
1207 2550 1234 2567 n.
1252 2543 1295 2567 88.

493 2606 565 2628 Evax
584 2603 739 2627 umbellam.
757 2603 867 2629 Gaertn.,
884 2602 983 2628 Fruci.‚
998 2601 1024 2628 ⁶2,
1038 2608 1065 2632 p.
1080 2600 1140 2628 593,
1154 2608 1182 2632 p.
1201 2600 1258 2624 165.

492 2662 624 2693 mici-opus
637 2667 781 2692 pygmaeus.
794 2659 877 2687 Desf„
890 2658 957 2686 Ati„
975 2659 1001 2686 2,
1016 2664 1041 2689 p.
1057 2658 1115 2682 507.

494 2720 522 2743 B.
541 2719 622 2743 Foliis
635 2717 774 2742 floralibus
794 2717 916 2749 oblongis
934 2717 1029 2742 acutis.

494 2785 519 2802 a.
538 2776 715 2801 Radiantibus
735 2776 914 2808 capitulorum
937 2773 1085 2806 glomerula
1107 2773 1190 2798 multo
1210 2773 1385 2806 longioribus.
1401 2786 1432 2791 —
1447 2774 1472 2796 2.
1489 2774 1559 2797 Evax
1578 2772 1775 2798 asteriscissora.
1790 2773 1874 2801 Pers..
1895 2772 1968 2803 Syn..
1983 2772 1998 2795 ἱ).
2010 2789 2016 2800 ,
2032 2778 2058 2803 p.
2074 2771 2132 2794 [ΓΗ.
2150 2784 2183 2787 -—

460 2837 524 2864 DC.,
542 2836 648 2863 Prodr.‚
663 2836 695 2864 5,
709 2841 735 2866 p.
748 2834 807 2858 459.

494 2894 678 2927 Gnaphalium
688 2892 914 2918 asteriscissorum.
926 2892 1012 2921 Lam„
1027 2894 1104 2923 Eue„
1117 2892 1143 2920 2,
1161 2899 1186 2924 p.
1199 2891 1256 2921 760,
1268 2899 1296 2915 n.
1308 2892 1349 2922 86,
1363 2891 1430 2915 excl.
1448 2898 1505 2923 syn.
1519 2895 1629 2923 excepto
1643 2891 1730 2915 Moris.
1742 2897 1787 2916 ox.
1804 2897 1824 2914 s,
1837 2891 1864 2918 7,
1882 2893 1901 2913 t.
1918 2891 1960 2917 Η,
1973 2888 1991 2913 s.
2005 2889 2029 2912 5.

493 2955 589 2978 Forma
601 2954 657 2977 haec
673 2952 867 2984 vulgatissima.

492 3013 521 3036 h.
534 3012 583 3036 Vix
594 3011 741 3044 glomerula
759 3009 925 3042 longioribus
942 3008 1088 3041 (involucri
1105 3009 1223 3040 squamis
1235 3007 1412 3032 exterioribus
1427 3007 1505 3032 dorso
1523 3007 1620 3032 lanatis
1631 3024 1638 3037 ,
1651 3014 1682 3033 ex
1694 3007 1758 3039 DC.)
1774 3006 1845 3039 quod
1867 3006 1947 3029 ctiam
1963 3005 1989 3028 in
2011 3003 2071 3027 aliis
2085 3002 2179 3027 formis

460 3072 609 3098 observavi.
624 3084 657 3090 -
667 3073 683 3096 5
708 3072 779 3095 Evax
797 3071 902 3102 exigua.
921 3069 985 3097 DC.,
1003 3067 1108 3099 Prodr.‚
1121 3069 1147 3096 5,
1160 3075 1186 3100 p.
1200 3068 1260 3093 458.
