2432 3969
1131 449 1300 495 (470)

763 578 844 608 DIV.
867 577 906 605 ΙΙ.
930 575 1087 604 SCORZ
1099 575 1324 605 ONEREAE.
1348 574 1478 604 Scuumz
1493 573 1552 604 Bua.
1562 596 1570 611 ,
1583 573 1648 605 MS.

385 661 578 691 Involucrum
594 655 818 697 2-pluriseriale
830 678 836 690 ,
854 653 1062 683 imbricatum.

834 782 1415 833 PODOSPERMUM.
1462 781 1574 833 DC.

401 909 648 953 CAPITULUM
667 905 984 949 multiflorum.
1006 905 1289 948 INVOLUCRUM
1308 903 1705 948 subimbricatum.
1722 902 2072 946 RECEPTACULUM

342 993 607 1051 epaleatum.
649 990 865 1032 ACHAENlA
899 987 1178 1038 conformia,
1211 987 1512 1044 cylindffleea,
1547 991 1780 1038 5-costata‚
1812 986 1989 1029 inferne
2022 987 2073 1029 in

343 1075 542 1132 stipitem
584 1088 777 1123 cavum,
818 1095 871 1101 —
911 1075 937 1113 2
970 1071 1049 1114 lin.
1083 1071 1300 1127 longum.
1336 1070 1575 1119 inflatum,
1616 1070 2072 1127 compressiusculum

342 1172 553 1216 expansa⁷
572 1171 720 1214 pappo
737 1162 952 1198 coronata
975 1155 1239 1211 persistente
1265 1153 1480 1210 plumoso.

402 1240 571 1283 Hmmffi
589 1235 1407 1294 europaeo-mediterraneo-orientales
1423 1234 1628 1286 biennes,
1646 1251 1689 1277 v.
1706 1250 1943 1292 perennes,
1961 1234 2073 1280 foliis
2099 1251 2104 1255 ·

341 1319 925 1379 laciniato—pilmatipartitis
943 1318 1010 1362 vel
1028 1316 1285 1361 linearibus.

797 1437 910 1469 Subgen.
932 1437 952 1462 1.
971 1436 1335 1460 EUPODOSPERMUM.
1356 1435 1461 1460 Schultz
1479 1436 1536 1468 Bip.
1556 1436 1605 1460 MS.

374 1513 489 1538 Achaenii
504 1518 596 1536 cavum
609 1510 666 1542 (pes
677 1517 701 1534 V.
714 1510 806 1541 stipes)
830 1509 935 1533 tertiam
949 1508 1005 1540 ejus
1018 1508 1138 1539 corporis
1150 1512 1253 1539 partem
1266 1507 1305 1531 vei
1321 1506 1381 1539 plus
1393 1507 1514 1531 metiens.
1530 1506 1602 1531 Folia
1615 1506 1958 1540 pinnatipartito-laeiniata
1977 1507 2073 1539 (rarius

343 1575 367 1596 in
382 1570 573 1604 speciminibus
587 1570 683 1593 macris
694 1569 722 1592 P.
735 1568 853 1592 laciniati
868 1567 918 1592 DC.
932 1568 1032 1599 integra
1043 1584 1048 1594 ,
1066 1566 1202 1597 linearia).

1028 1652 1034 1658 ”
1055 1649 1187 1673 Achmniis
1201 1649 1380 1680 giaberrimis.

361 1783 394 1821 1.
426 1771 946 1821 PODOSPERMUM
980 1768 1547 1814 RESEDAEFOLIUM.
1586 1769 1780 1815 SCHULTZ
1813 1772 1918 1827 Bm,
1952 1772 2050 1816 MS.

390 1889 425 1919 P.
453 1884 612 1932 glabrum
637 1882 686 1916 vel
715 1880 805 1928 pube
828 1887 885 1913 aut
911 1879 983 1912 iana
1005 1879 1052 1925 pl.
1077 1877 1186 1924 fugaci
1211 1877 1400 1920 munitum,
1424 1877 1533 1911 radice
1553 1879 1713 1924 perenni,
1736 1892 1865 1924 crassa,
1895 1881 2071 1929 elongata,

341 1962 465 1994 {lorum
491 1957 688 1997 radhiium,
716 1954 928 1987 involucrum
955 1954 1074 1998 quarta
1101 1951 1152 1984 vel
1174 1950 1312 1985 dimidia
1337 1958 1432 1997 parte
1456 1952 1708 1998 superantium,
1733 1953 1815 1988 tubo
1841 1954 1942 2001 ligula
1966 1955 2072 2002 dupio

339 2034 508 2068 breviore.

379 2107 471 2135 Affine
483 2104 517 2133 P.
531 2104 670 2132 laciniato
682 2100 758 2137 DC.‚
772 2100 928 2138 Europam
940 2097 1074 2127 mediam
1086 2098 1236 2136 praecipue
1248 2096 1407 2127 habitante
1418 2121 1424 2132 ‚
1440 2097 1492 2126 sed
1506 2104 1616 2137 praeter
1631 2105 1716 2128 notas
1731 2099 1878 2130 indicatas
1892 2100 2048 2131 diversum
2062 2114 2069 2131 :

337 2172 445 2201 habitu
462 2170 631 2199 robustiore
643 2191 650 2203 ‚
666 2167 748 2196 foliis
763 2164 987 2194 robustioribus
1002 2170 1031 2192 et
1046 2163 1118 2192 hinc
1136 2162 1320 2192 rudimentis
1340 2162 1483 2192 foliorum
1494 2185 1502 2200 ‚
1519 2163 1652 2192 radicem
1668 2165 1879 2194 coronantium
1890 2189 1897 2202 ‚
1916 2148 2070 2196 robusfioi.

336 2237 420 2265 ribus
435 2245 489 2264 nec
506 2233 684 2263 tenuissime
699 2231 835 2260 scariosis
846 2253 853 2265 ‚
868 2228 947 2258 foliis
963 2228 1089 2258 caulinis
1106 2228 1171 2257 basi
1192 2227 1363 2264 latioribus,
1376 2228 1739 2267 seiitiatitplexicaulibu85
1753 2236 1784 2260 et
1799 2231 1906 2270 saepitts
1919 2233 2069 2271 vaginan..

338 2302 435 2338 tibus,
452 2300 553 2339 pinnis
564 2298 709 2328 foliorum
725 2295 766 2335 pt.
784 2294 942 2324 latioribus
952 2318 958 2329 ‚
973 2294 1112 2331 capitulis
1127 2293 1222 2332 duplo
1237 2293 1415 2332 majoribus.

376 2367 482 2397 Variat
504 2365 537 2393 P.
554 2362 776 2393 resedaesolium
798 2360 882 2389 caule
905 2360 1026 2396 stricto,
1045 2358 1195 2396 solitario,
1216 2359 1254 2388 ad
1275 2358 1412 2388 medium
1433 2368 1550 2388 ramoso
1562 2382 1569 2395 ,
1586 2359 1634 2388 vel
1653 2359 1793 2398 pluribus
1812 2361 2070 2393 adscendentibus

334 2432 376 2471 pi.
392 2441 462 2460 mox
473 2440 564 2469 supra
575 2427 707 2457 radicem
719 2426 858 2461 ramosis,
870 2424 1015 2454 foliorum
1026 2425 1127 2463 pinnis
1139 2423 1366 2463 angustioribus
1379 2423 1426 2453 vel
1439 2422 1601 2454 latioribus
1614 2437 1620 2460 ;
1634 2426 1730 2454 rai-ius
1740 2425 1819 2456 foliis
1832 2427 1970 2466 integris,
1982 2427 2069 2457 caule

337 2507 454 2526 ramoso
469 2496 565 2524 rarius
583 2491 754 2532 l-cephalo‚
772 2490 841 2530 plus
855 2489 996 2519 minusve
1013 2488 1196 2528 pubescente
1216 2488 1263 2518 vei
1284 2488 1390 2528 glabro
1401 2511 1408 2525 ‚
1425 2488 1574 2518 involucri
1595 2491 1730 2529 squamis
1750 2490 1807 2520 sub
1826 2492 1910 2530 apice
1928 2493 2067 2521 cornicu-

338 2563 405 2590 latis
420 2560 469 2590 vel
482 2559 668 2589 tomentosis.

376 2626 574 2665 Tragopogon
586 2622 709 2652 Resedae
726 2621 800 2651 min.
820 2619 893 2648 folio
902 2624 1046 2648 erectum.
1063 2617 1172 2647 Barrel.
1190 2617 1224 2646 ic.
1245 2617 1298 2647 lab.
1320 2618 1378 2646 799
1393 2617 1442 2646 et?
1453 2618 1600 2656 supinum
1617 2619 1653 2658 ej.
1676 2620 1731 2648 tab.
1745 2621 1813 2649 800.
1836 2620 1924 2650 Certo
1945 2623 2066 2659 certius,

338 2693 383 2721 uti
405 2698 435 2720 et
449 2701 484 2719 ex
504 2688 645 2718 achaeniis
662 2686 790 2725 depictis
810 2691 908 2724 patet,
929 2683 991 2712 tab.
1012 2683 1070 2711 799
1087 2689 1117 2711 et
1137 2683 1195 2711 800
1213 2681 1252 2711 ad
1268 2681 1466 2721 Podospermi
1487 2683 1598 2722 species
1617 2683 1697 2713 soliis
1718 2684 1867 2715 laciniatis
1884 2693 2020 2725 spectant
2039 2695 2069 2717 et

337 2757 397 2786 tab.
415 2757 474 2786 799
489 2755 552 2784 sine
566 2752 677 2787 dubio,
693 2757 846 2781 annuente
861 2749 1062 2788 descriptione
1076 2759 1106 2787 p.
1124 2748 1178 2784 94,
1198 2759 1228 2777 n.
1248 2747 1324 2777 1049
1338 2747 1377 2777 ad
1396 2749 1527 2787 speciem
1542 2755 1695 2785 nostram;
1717 2749 1777 2779 tab.
1799 2752 1858 2780 800
1877 2762 1946 2781 vero
1965 2752 2065 2782 forsan

335 2822 373 2851 ad
388 2821 420 2851 P.
439 2819 615 2849 laciniatum
629 2816 687 2846 DC.

374 2887 442 2916 Osss.
465 2885 661 2924 Synonymon
684 2895 691 2911 ι
718 2879 895 2910 Chondrilla
916 2878 1184 2918 tragopogonoides
1205 2878 1332 2908 Boccon.
1350 2880 1377 2909 S
1380 2881 1432 2917 ia,
1455 2880 1515 2910 tab.
1545 2880 1582 2910 7!
1607 2892 1624 2911 a
1644 2881 1785 2921 pluribus
1806 2882 1985 2913 auctoribus
2005 2883 2069 2913 huc

333 2953 479 2987 relatum,
493 2949 532 2978 ad
546 2946 801 2977 Rhabdothecam
817 2943 1074 2974 chondrilloidem
1089 2943 1229 2982 pertinet.

372 3017 549 3045 Scorzonera
563 3012 744 3042 resedifolia.
761 3011 862 3045 Linn„
875 3010 926 3048 Sp.
942 3008 997 3047 pl„
1011 3007 1055 3037 ed.
1072 3009 1101 3043 2,
1111 3019 1139 3047 p.
1164 3009 1247 3037 1113.
