2432 3969
1263 509 1434 555 (254)

525 595 630 626 Dnsca.
649 596 714 625 Sec.
732 597 895 634 specimen)
916 596 1040 624 unicum
1064 595 1208 625 achaeniis
1231 598 1333 635 paucis
1356 598 1479 627 tantum
1493 599 1689 629 ,instructum
1711 601 1899 630 concinnata.
1917 619 1956 624 --
1971 601 2075 631 Heium
2091 613 2193 632 annua
2205 626 2213 638 ‚

485 665 593 697 erecta,
608 658 838 698 sesquipedaliS‚
850 657 1043 696 glaberrima‚
1060 658 1145 687 caule
1158 659 1263 689 foliata
1273 683 1280 696 ,
1295 660 1442 690 foliorum
1457 663 1731 701 pinnatisectorum
1745 664 1823 694 lobis
1838 667 1957 703 paucis,
1973 667 2138 706 elongatis,
2155 667 2216 696 fili-

484 723 634 752 formibus
644 746 652 759 ,
665 724 794 761 superne
806 723 837 751 in
849 733 949 752 ramos
964 733 1073 762 paucos
1083 723 1187 754 abiens
1202 726 1234 754 in
1249 726 1431 765 corymbum
1443 727 1606 766 dispositos
1617 750 1625 764 ,
1637 727 1779 766 capitulis
1791 728 1974 767 paucifloris.
1990 730 2085 759 Rimx
2099 741 2212 767 annua,

485 787 554 817 licet
568 789 599 816 in
611 788 776 826 specimine
788 797 856 816 meo
871 787 1017 826 abrupta,
1030 795 1134 818 tamen
1148 789 1249 819 adhuc
1262 792 1280 820 2
1294 790 1369 829 poll.
1384 791 1472 830 longa
1482 814 1491 828 ,
1503 793 1632 830 superne
1650 794 1662 820 1
1679 793 1722 826 1l3
1737 792 1791 822 lin.
1808 792 1959 822 diametro
1975 795 2104 823 metiens
2115 817 2123 832 ,
2134 795 2215 824 susi--

482 852 600 888 formis,
614 851 800 891 subintegra‚
813 862 899 890 parce
914 852 1071 890 fibrillosa‚
1083 853 1161 882 dura
1175 853 1353 893 lignescens,
1366 855 1501 885 medulla
1517 856 1643 885 centrali
1657 867 1808 895 percursa,
1820 857 2084 896 longitudinaliter
2095 869 2212 898 rugosa,

482 916 580 945 dilute
603 916 951 955 alutacio-cinerascens‚
971 919 1111 957 insipida.
1130 919 1235 949 CAuLis
1256 927 1373 950 erectus
1384 943 1393 958 ,
1410 921 1628 960 sesquipedalis
1639 945 1646 957 ‚
1662 922 1779 951 inferne
1797 925 1809 951 1
1826 922 1879 953 lin.
1899 922 2049 952 diametro
2064 924 2193 953 metiens
2204 947 2212 961 ‚

479 980 598 1020 gracilis
612 981 769 1021 elongatus
779 1005 787 1020 ‚
800 982 916 1022 glaber,
927 984 1050 1013 foliatus
1062 1006 1070 1021 ,
1083 985 1214 1023 superne
1228 985 1260 1014 in
1275 996 1375 1014 ramos
1389 996 1500 1024 paucos
1515 986 1631 1016 divisus
1645 1009 1652 1023 ‚
1666 987 1699 1016 in
1711 987 1893 1027 corymbum
1907 987 2070 1026 dispositos
2080 987 2214 1017 subsim-

480 1045 590 1084 plicem
604 1068 611 1082 ⁷
624 1046 741 1075 inferne
756 1047 924 1086 lignescens
934 1071 943 1085 ,
958 1048 1040 1088 ligno
1052 1049 1173 1078 sordide
1183 1049 1305 1078 albente
1316 1072 1326 1085 ‚
1338 1050 1474 1080 medulla
1490 1051 1615 1080 centrali
1629 1051 1725 1082 farcto
1736 1075 1744 1089 ,
1758 1054 1887 1091 superne
1901 1052 2067 1082 herbaceus
2080 1075 2087 1090 ‚
2103 1054 2213 1083 cortice

481 1110 597 1139 inferne
609 1111 707 1141 dilute
718 1113 920 1143 cinerascente
930 1137 938 1151 ,
952 1114 1130 1152 splendente
1142 1137 1149 1152 ,
1162 1116 1292 1154 superne
1307 1115 1405 1145 dilute
1423 1115 1704 1146 brunnen-virente.
1719 1116 1810 1146 FomA
1827 1117 1970 1147 inferiora
1982 1140 1989 1154 ‚
2002 1118 2033 1146 in
2048 1119 2212 1157 specimine

480 1176 543 1204 ime>
557 1176 721 1216 fructigero
733 1200 739 1214 ,
753 1177 947 1218 longitudine
959 1180 977 1208 5
993 1180 1141 1218 pollicum
1157 1180 1312 1210 destructa
1323 1204 1330 1216 ,
1345 1188 1375 1210 et
1394 1181 1516 1210 tantum
1528 1181 1592 1210 basi
1608 1183 1662 1210 sua
1676 1181 1778 1211 adhuc
1793 1183 1953 1221 conspicua
1968 1183 2193 1223 squamaeformi
2203 1206 2211 1220 ,

479 1241 580 1277 ovate,
592 1242 740 1278 convexa,
753 1241 848 1276 duni,
866 1244 878 1270 1
895 1245 939 1279 1s2
955 1242 1006 1273 lin.
1024 1243 1124 1283 longa.
1145 1244 1282 1284 Superne
1298 1245 1488 1284 longitudine
1501 1249 1518 1276 9
1531 1246 1616 1284 poll.‚
1629 1247 1649 1275 i.
1666 1257 1694 1277 e.
1710 1246 1750 1275 ad
1764 1247 2015 1276 ramificationem
2030 1249 2126 1287 usque
2141 1258 2213 1277 cau—

478 1304 515 1333 lis
529 1304 610 1334 soliis
626 1311 670 1334 est
685 1306 854 1335 instructus
869 1308 901 1336 in
920 1307 1001 1337 linea
1016 1309 1119 1347 spirali
1140 1309 1295 1349 dispositis
1307 1334 1314 1347 ,
1328 1311 1524 1341 inferioribus
1538 1311 1706 1350 majoribus
1720 1319 1750 1341 et
1765 1313 1860 1351 magis
1874 1313 2015 1341 confertis
2027 1335 2035 1349 ‚
2048 1314 2213 1351 superiori-

478 1368 535 1397 bus
550 1370 662 1398 sensim
677 1369 920 1401 decrescentibus
931 1379 961 1401 et
974 1374 1069 1412 magis
1080 1375 1215 1410 remotis,
1231 1375 1273 1404 ita
1288 1381 1324 1404 ut
1338 1375 1455 1405 inferne
1468 1375 1587 1406 2-31111.
1603 1376 1733 1415 superne
1746 1378 1760 1406 1
1775 1377 1820 1409 ’112
1836 1375 1910 1414 poll.
1924 1376 2050 1406 distent.
2067 1376 2153 1405 Folia
2166 1379 2211 1406 uti

479 1439 541 1462 tota
557 1433 660 1473 planta
673 1434 778 1474 glabra
791 1459 798 1471 ,
811 1443 910 1466 erecta
923 1460 930 1474 ‚
942 1448 1067 1467 carnosa
1081 1440 1278 1469 teretiuscula
1289 1463 1296 1478 ‚
1310 1442 1441 1470 virentia
1454 1464 1461 1478 ‚
1476 1442 1621 1471 inferiora
1631 1443 1649 1470 2
1664 1442 1819 1480 superiora
1834 1443 1848 1471 1
1867 1441 1939 1480 poll.
1956 1441 2044 1480 longa
2055 1464 2063 1478 ,
2076 1442 2214 1480 pinnati-

477 1506 555 1529 secta
569 1523 577 1537 ,
593 1501 694 1539 pinnis
709 1500 983 1540 adscendentibus,
1000 1505 1145 1544 utrinque
1166 1506 1205 1535 ad
1224 1506 1288 1536 solii
1304 1507 1443 1536 inedium
1464 1510 1532 1545 1-2,
1554 1518 1622 1537 cum
1639 1507 1763 1536 racliide
1779 1508 1922 1546 integris,
1942 1508 1993 1535 2-9
2017 1506 2069 1536 lin.
2095 1506 2192 1546 longis
2203 1529 2211 1543 ‚

478 1563 523 1597 1l4
536 1564 590 1595 lin.
608 1564 689 1601 latis,
704 1575 849 1595 mucrone
863 1566 962 1604 brevi,
977 1578 1086 1598 corneo
1096 1592 1103 1606 ‚
1116 1578 1204 1599 acuto
1218 1572 1388 1601 terminalis
1399 1594 1406 1608 ‚
1419 1572 1566 1611 elongatis
1577 1595 1585 1609 ‚
1597 1573 1724 1611 anguste
1738 1571 1912 1601 linearibus.
1931 1571 1963 1601 Si
1978 1582 2077 1600 unum
2091 1571 2211 1600 tantum

477 1629 644 1667 pinnarum
659 1640 713 1668 par
725 1630 821 1668 adest,
835 1634 925 1670 supra
940 1632 1005 1662 solii
1020 1634 1157 1663 medium
1171 1636 1304 1673 positum
1317 1643 1379 1672 est,
1393 1638 1417 1665 si
1433 1637 1495 1666 duo
1506 1637 1618 1666 adsunt
1630 1659 1638 1673 ,
1651 1638 1698 1666 112
1710 1635 1784 1674 poll.
1798 1643 1828 1665 et
1844 1635 1924 1665 ultra
1939 1635 2055 1665 distant
2070 1643 2100 1665 et
2112 1646 2210 1665 unum

477 1695 567 1732 supra
579 1694 709 1723 alterum
724 1695 801 1724 infra
812 1696 878 1725 folii
895 1698 1031 1727 medium
1049 1699 1157 1728 oritur.
1172 1700 1208 1728 In
1223 1700 1304 1729 foliis
1318 1702 1486 1740 majoribus
1501 1702 1686 1742 quandoque
1701 1701 1776 1730 dens
1796 1711 1876 1729 unus
1890 1701 1991 1730 alterae
2006 1701 2083 1730 insi-a
2099 1702 2212 1739 pinna-

478 1768 547 1786 rum
562 1769 616 1797 par
627 1759 754 1788 inferius
770 1760 957 1791 observatur.
973 1761 1018 1790 Ad
1032 1762 1118 1792 basin
1134 1763 1206 1792 solia
1221 1765 1252 1793 in
1271 1766 1489 1796 scariositatem
1505 1765 1835 1805 semiamplexicaulem
1846 1788 1853 1800 ,
1870 1772 1991 1795 ovatam
2004 1787 2012 1803 ,
2025 1764 2096 1794 dein
2119 1765 2211 1793 indu-

480 1831 574 1853 ratam
591 1825 818 1863 expanduntur,
831 1827 863 1855 in
879 1828 925 1855 axi
941 1831 995 1857 sua
1010 1827 1053 1866 pl.
1070 1828 1215 1859 foliorum
1236 1831 1427 1861 novellorum
1451 1832 1632 1861 fasciculum
1652 1831 1809 1861 foventem
1835 1838 1864 1860 et
1885 1830 1957 1859 hinc
1981 1830 2048 1867 plus
2071 1830 2211 1859 minusve

477 1900 652 1919 convexam.
672 1891 706 1919 In
718 1892 765 1919 axi
777 1891 934 1920 foliorium
949 1894 1143 1931 superiorum
1158 1896 1235 1924 rami
1249 1897 1297 1925 2-3
1313 1897 1456 1925 oriuntur
1471 1896 1602 1935 elongati
1622 1895 1673 1924 2-6
1692 1895 1766 1934 poll.
1784 1895 1866 1934 longi
1881 1917 1887 1931 ‚
1905 1895 1936 1923 in
1951 1894 2134 1934 corymbum
2150 1894 2213 1924 dis-

479 1955 580 1993 positi.
596 1954 711 1983 Rainus
727 1955 854 1984 inferior
865 1956 884 1984 6
899 1956 971 1994 poll.
987 1957 1113 1996 longus,
1125 1960 1253 1997 superne
1268 1959 1416 1994 bifurcus,
1429 1960 1619 1999 bicephalus,
1635 1960 1729 1989 medii
1746 1959 1908 1998 1-ccphali.
1925 1959 2096 1989 Penuncnm
2113 1960 2144 1988 in
2164 1961 2211 1988 axi

476 2018 620 2047 soliorum
637 2020 825 2057 integrorum
838 2042 846 2056 ‚
866 2022 991 2059 anguste
1013 2021 1176 2051 linearium
1192 2024 1323 2053 orientes
1336 2047 1342 2061 ,
1356 2026 1409 2054 2-3
1424 2025 1478 2056 liu.
1493 2025 1653 2065 longorum
1667 2048 1674 2063 ‚
1687 2036 1758 2055 cum
1774 2025 1914 2064 capitulis
1931 2024 1971 2063 pl.
1984 2026 2002 2053 2
2014 2023 2087 2063 poll.
2108 2026 2188 2064 longi
2202 2047 2210 2061 ,

477 2083 549 2112 nudi
565 2095 593 2113 v.
607 2083 768 2123 squamula
780 2085 900 2113 minuta
917 2086 1026 2122 notati,
1039 2085 1265 2117 sulcato-striati
1276 2111 1283 2125 ‚
1295 2089 1419 2128 graciles
1434 2090 1604 2129 capitulum
1616 2091 1721 2120 versus
1736 2089 1828 2129 paulo
1844 2090 1998 2118 incrassati
2015 2096 2044 2118 et
2063 2088 2212 2118 suhfistu—

477 2148 540 2177 losi.
555 2148 723 2178 Ciminium
735 2159 853 2188 semper
864 2157 1012 2188 erectum,
1025 2152 1238 2190 paucifloruni,
1250 2153 1495 2194 heterogamum.
1508 2156 1698 2185 Invomcnum
1710 2154 2017 2193 hemisphaericum,2
2028 2154 2083 2184 lin.
2097 2153 2209 2188 altum,

477 2213 686 2250 imbricatum,
700 2225 896 2254 squamarum
912 2222 995 2254 parte
1009 2216 1133 2247 foliacezi
1147 2219 1393 2259 ovato-oblonga,
1406 2222 1590 2250 sear-iositate
1606 2221 1786 2259 inarginatzi,
1802 2219 1935 2256 albente,
1950 2218 2087 2259 hyalina,
2101 2228 2212 2258 angus-

478 2279 552 2307 tiore
574 2280 593 2307 i.
618 2289 642 2309 e.
668 2279 854 2308 diametrum
878 2281 973 2318 partis
999 2291 1133 2321 squamae
1158 2283 1289 2313 soliaceae
1315 2295 1377 2313 non
1406 2287 1575 2324 attingente
1587 2309 1594 2323 ‚
1616 2296 1670 2314 nec
1694 2286 1725 2314 in
1741 2285 1941 2323 appendicem
1964 2293 2107 2323 magnam
2128 2285 2212 2322 apice

476 2345 617 2383 expansa,
633 2351 668 2374 ut
684 2345 714 2373 in
726 2345 980 2384 Argyranthemo,
991 2347 1044 2376 sed
1057 2349 1191 2387 margine
1203 2349 1391 2389 inaequaliter
1404 2351 1650 2381 lacero-dentata.
1665 2351 1900 2380 Rncnmcumm
1915 2350 2036 2379 nudum
2048 2372 2056 2386 ,
2069 2360 2212 2388 parvum,

476 2409 773 2447 depresso-conicum
786 2433 793 2447 ,
813 2414 827 2441 1
844 2412 956 2441 lineam
973 2413 1122 2442 diametro
1139 2421 1169 2443 et
1190 2414 1353 2444 altitudine
1368 2417 1507 2445 metiens,
1530 2415 1701 2454 Specimina
1713 2415 1843 2444 florifera
1856 2425 1917 2444 non
1928 2414 2002 2444 vidi.
2018 2414 2055 2442 In
2071 2413 2212 2442 achaeniis

477 2472 552 2502 radii
567 2475 638 2503 vero
653 2473 765 2503 tubum
787 2474 887 2513 ligulae
906 2476 1047 2514 glabrum
1061 2477 1124 2506 vidi
1139 2478 1218 2517 stylo
1241 2479 1336 2508 bifido
1359 2481 1541 2509 instructum
1555 2497 1595 2501 —
1606 2479 1694 2508 flores
1714 2478 1790 2507 radii
1813 2488 1883 2517 ergo
1901 2477 2043 2516 lingulati
2057 2500 2064 2514 ,
2078 2477 2210 2506 foeminei

477 2536 587 2566 fertiles
599 2554 633 2559 —
647 2538 679 2566 in
693 2537 835 2566 acliaeniis
851 2538 925 2567 disci
943 2541 1013 2568 vero
1031 2540 1155 2570 nullum
1168 2541 1249 2571 floris
1265 2545 1427 2582 vestigium
1444 2544 1505 2573 vidi
1518 2566 1525 2581 ‚
1539 2544 1599 2582 quii
1618 2554 1654 2572 ex
1669 2544 1757 2572 causa
1773 2553 1807 2571 ex
1820 2542 1956 2581 analogia
1973 2542 2127 2571 conclusio
2142 2553 2210 2581 per-

480 2603 569 2630 missi
579 2625 586 2638 ,
599 2602 687 2631 flores
702 2602 776 2631 disci
792 2613 853 2631 esse
870 2603 1030 2633 tubulos-os
1042 2605 1309 2644 hermaphroditos
1324 2609 1486 2637 exteriores
1500 2608 1674 2637 sublertiles
1686 2631 1692 2643 ,
1707 2609 1864 2636 interiores
1878 2607 2002 2636 steriles.
2019 2607 2208 2637 Vertisimili-

481 2676 523 2695 ter
539 2666 627 2695 flores
642 2666 782 2705 lingulati
801 2666 882 2705 albi,
901 2667 974 2697 disci
992 2668 1070 2699 ssavi.
1087 2670 1226 2699 AcnAEMA
1243 2671 1396 2701 diss'orniia
1410 2685 1416 2701 ε
1434 2673 1511 2701 radii
1528 2676 1541 2702 1
1559 2674 1609 2702 lin.
1628 2673 1716 2712 longa
1730 2679 1760 2702 et
1775 2672 1834 2701 lata
1848 2695 1854 2708 ‚
1870 2673 1910 2710 pl.
1930 2672 1982 2701 cluo
1999 2674 2026 2700 ιή
2042 2684 2128 2701 unum
2144 2684 2210 2701 con-

477 2739 562 2766 crem,
576 2731 672 2760 rarius
689 2731 835 2768 solitaria,
850 2743 957 2771 pauca,
976 2733 1100 2763 robusta
1111 2757 1118 2771 ,
1132 2734 1243 2763 fertilia
1255 2757 1263 2772 ,
1274 2735 1482 2775 obcomprcssa
1494 2759 1501 2773 ,
1514 2736 1820 2766 obovato-turbinata
1834 2759 1841 2773 ‚
1857 2737 2053 2775 triangularia
2065 2760 2072 2772 ‚
2086 2736 2188 2776 glabra
2201 2760 2208 2774 ,

478 2796 613 2831 incurva,
629 2796 719 2825 dorso
735 2807 883 2832 convexa,
897 2797 1041 2827 lateribus
1057 2798 1146 2828 dorso
1158 2799 1317 2829 latioribus
1334 2802 1476 2841 utrinqne
1488 2802 1655 2831 bicarinata
1667 2825 1674 2839 ‚
1687 2809 1792 2832 ventre
1809 2801 1856 2830 ala
1871 2802 1977 2830 cornea
1989 2824 1996 2838 ,
2009 2802 2123 2840 integra
2138 2812 2210 2830 mu-

478 2861 553 2897 nita,
567 2861 692 2890 achaenii
706 2861 893 2891 diametrum
908 2872 968 2891 non
984 2864 1149 2902 attingente
1159 2887 1166 2899 ‚
1180 2864 1278 2894 dilute
1291 2865 1436 2902 alutacesi,
1450 2868 1579 2905 superne
1594 2878 1664 2896 cum
1677 2877 1779 2906 pappo
1796 2866 1879 2896 brevi
1895 2866 2127 2902 rudilnentario,
2142 2877 2209 2895 cor-

476 2935 532 2954 nco
544 2948 551 2962 ‚
571 2925 743 2955 unilaterali
753 2949 761 2963 ,
776 2927 794 2956 i.
818 2938 844 2955 e.
865 2927 975 2956 dorsali
991 2927 1136 2957 subnullo
1146 2951 1154 2965 ‚
1166 2928 1285 2959 laterali
1299 2936 1329 2959 et
1341 2930 1471 2959 ventrali
1485 2930 1571 2960 brevi
1591 2931 1789 2960 coronisormi
1804 2953 1810 2966 ,
1828 2929 2033 2969 irregulariter
2046 2936 2075 2958 et
2089 2930 2208 2959 minute

475 2997 608 3028 trenam,
620 2990 1024 3031 brunneo-purpurascente.
1038 2993 1179 3023 Achaenia
1194 2994 1268 3023 disci
1282 2995 1375 3023 etiam
1391 3005 1495 3033 pauca,
1508 2995 1636 3033 sterilia,
1652 2996 1777 3033 teretia,
1790 2994 1938 3025 costulam
1949 3017 1956 3032 ,
1969 2994 2015 3023 ala
2030 2995 2123 3033 parva
2135 3004 2210 3025 ven-

475 3055 542 3085 trali
557 3067 717 3097 pappoque
733 3057 955 3087 rudimentario
970 3059 1165 3088 coronisormi
1178 3060 1343 3097 instructa,
1357 3060 1466 3089 intima
1482 3061 1619 3091 minima.
