2432 3969
1017 482 1186 527 (257)

594 597 619 621 2.
649 597 981 624 STIGMATOTHECA
1010 598 1174 622 LACERA.
1202 597 1231 622 C.
1262 597 1294 620 tt.
1322 596 1459 620 Scuuvrz
1485 596 1612 620 Bmour.

270 666 297 691 S.
311 666 404 698 glabra
418 684 425 695 ‚
438 667 509 692 soliis
525 668 735 700 pinnatipartitis
749 688 754 698 ,
767 668 837 693 lobis
851 669 961 693 obverse
979 667 1262 699 lanceolam-oblongis
1276 685 1281 693 .
1295 668 1401 691 serratis
1413 683 1420 694 ,
1436 667 1461 690 in
1476 665 1605 697 petiolum
1619 665 1869 690 lineari-cuneatum
1881 682 1888 695 ,
1901 665 1961 692 sub-

234 723 375 748 dentatum
389 727 546 757 angustatis,
561 727 688 750 achaeniis
701 726 834 758 eleganter
847 727 936 759 pictis,
949 726 1018 750 radii
1032 733 1119 758 pappo
1136 724 1340 749 auriculaesormi
1356 725 1459 748 interno
1472 724 1617 751 instructis,
1631 723 1698 748 disci
1711 723 1803 747 calvis.

268 782 511 814 chrysanthemum
529 783 646 808 lacerum
658 785 822 815 quorumdam
840 792 871 808 ea:
887 785 1073 808 Desroussenux
1087 783 1151 814 apud
1166 783 1236 806 Lam.
1252 782 1269 805 1,
1287 790 1308 806 c.

267 842 416 866 Matricaria
435 842 593 874 pinnatifida
616 843 649 881 βῖ)
665 842 737 867 soliis
752 841 908 874 profunditis
923 846 948 866 et
970 842 1056 866 rarius
1071 841 1202 866 dissectis.
1221 842 1406 869 Desrorisseauz
1429 841 1495 871 apud
1516 840 1586 864 Lam.
1610 841 1686 869 Enc.,
1713 841 1763 866 vol.
1788 842 1822 872 3,
1835 848 1894 873 paq.
1913 840 1963 866 '129

234 898 282 927 [an.
297 899 384 931 1789).

266 956 506 989 chrysanthemum
517 958 706 982 Broussonetii.
719 960 803 988 Pers.‚
818 959 891 990 Syn„
904 958 954 982 vol.
968 958 993 985 2,
1008 965 1068 989 paq.
1080 958 1127 982 461
1142 957 1204 987 (ηοη
1220 955 1320 987 Balb.),
1332 962 1365 980 ex
1377 955 1524 987 specimine
1541 956 1567 979 in
1581 955 1609 978 h.
1623 957 1706 987 paris.
1719 955 1790 980 culto
1806 957 1870 981 etin
1882 955 1960 980 herb.

233 1014 306 1040 Dess!
323 1019 465 1040 asservato.

263 1073 504 1105 Chrysantliemum
533 1072 755 1098 tanacetisolium.
772 1073 865 1106 Dessl,
879 1073 953 1097 Hori.
969 1074 1056 1104 paris„
1074 1073 1134 1097 1821
1148 1089 1154 1100 ,
1169 1080 1202 1096 ex
1217 1072 1270 1097 Dc.
1288 1084 1316 1089 —
1329 1071 1417 1101 Dessl,
1435 1071 1489 1095 Cat.
1508 1070 1541 1094 Η.
1563 1070 1642 1102 parix.
1659 1071 1754 1101 addit.,
1768 1079 1829 1104 pay.
1843 1072 1892 1096 447
1906 1072 1962 1104 (an.

235 1131 322 1162 1852),
337 1138 368 1154 ex
384 1130 482 1154 Webb.
494 1130 552 1155 Sec.
567 1131 702 1161 specimen
714 1131 840 1159 auctoris,
854 1131 880 1155 in
894 1131 951 1163 ejus
965 1131 1100 1159 herbario,
1113 1138 1182 1155 nunc
1194 1130 1345 1155 Webbiano
1361 1134 1505 1155 asservato.

263 1188 504 1219 Chrysanthemum
521 1189 716 1221 grandissorum
732 1196 749 1212 α
764 1190 917 1215 adauctum.
930 1191 993 1219 Dc„
1013 1191 1116 1220 Prodr.‚
1133 1190 1184 1214 vol.
1200 1190 1232 1217 6,
1246 1197 1304 1220 pay.
1319 1188 1366 1216 66,
1380 1195 1412 1212 ex
1425 1187 1568 1212 altitudine
1584 1187 1635 1212 loci
1661 1187 1757 1211 natalis
1781 1187 1815 1211 ad
1841 1188 1961 1220 plantam

228 1245 418 1270 Canariensem
429 1263 436 1274 ,
452 1260 485 1265 —-
501 1247 637 1271 Ismeliam
655 1249 833 1272 Broussonetii
845 1261 877 1265 —
892 1252 1057 1279 spectantem
1071 1251 1097 1271 et
1111 1255 1145 1271 ex
1161 1246 1231 1271 Buch
1245 1263 1252 1274 ,
1267 1246 1375 1273 canan,
1397 1252 1457 1278 pag.
1470 1246 1516 1270 181
1533 1262 1539 1273 ,
1553 1249 1707 1276 excerptam
1719 1249 1743 1269 et
1756 1250 1773 1276 7
1787 1244 1940 1269 suhnudum
1952 1262 1959 1273 ‚

229 1303 281 1327 DC.
301 1303 319 1327 l.
336 1311 360 1329 c.

263 1360 506 1393 chrysanthemum
518 1362 673 1388 dissectum.
686 1364 772 1392 Lame,
789 1363 850 1389 Nov.
868 1364 906 1388 Fl.
921 1364 1025 1393 Mader„
1037 1371 1095 1394 paq.
1112 1364 1154 1391 17,
1167 1370 1200 1387 ex
1212 1362 1310 1387 Webb.

263 1421 423 1452 Pyrettzrum
445 1419 599 1445 adauctum.
615 1421 697 1452 Lirim,
711 1422 735 1445 in
753 1422 820 1446 Buch
834 1423 937 1450 Canar„
952 1429 1010 1452 paq.
1023 1421 1087 1450 149,
1102 1428 1135 1445 ex
1149 1425 1240 1452 parte,
1253 1419 1323 1444 excl.
1340 1419 1461 1451 diagnosi
1477 1418 1512 1443 ad
1525 1419 1644 1452 plantam
1659 1419 1847 1444 Canariensem
1860 1418 1958 1450 (Isme-

231 1478 296 1502 liam
310 1479 500 1510 Broussonetii)
513 1483 676 1511 spectantem
690 1481 805 1512 quacum
817 1484 842 1504 et
853 1480 962 1511 insuper
974 1486 1034 1503 cum
1045 1479 1252 1510 Stigmatotheca
1267 1476 1423 1509 pinnatifida
1437 1477 1558 1502 confudit
1570 1478 1611 1501 vir
1621 1477 1750 1502 celeberr.

261 1537 419 1568 Pyrethrum
431 1539 609 1562 Broussonetii
623 1538 640 1566 ὅ
656 1537 819 1570 elongatum.
837 1538 931 1570 Choisy
943 1538 966 1561 in
978 1537 1047 1562 Buch
1061 1538 1163 1566 Canen,
1175 1544 1233 1568 paq.
1246 1535 1304 1560 ¹49.

260 1595 500 1626 Argyrantliemum
517 1595 704 1628 pinnatifidum
721 1603 778 1620 var.
793 1596 948 1620 dissectum.
971 1595 1069 1625 Webb!,
1085 1595 1164 1625 loom,
1182 1594 1233 1619 tab.
1249 1594 1282 1618 95
1293 1611 1300 1623 ,
1315 1600 1341 1618 n.
1357 1594 1373 1617 2
1388 1592 1463 1624 (Sec.
1480 1594 1614 1625 specimen
1628 1595 1642 1618 e
1657 1594 1786 1618 montosis
1799 1593 1892 1619 insulae
1905 1595 1958 1618 Ma-

227 1652 310 1683 derae)
324 1669 330 1680 ,
345 1657 370 1677 et
385 1660 412 1676 n.
432 1654 448 1677 4
463 1652 567 1684 (solium
582 1653 596 1676 a
610 1654 757 1685 specimine
771 1653 902 1677 Linkiano
913 1652 1066 1677 Maderense
1077 1651 1235 1684 depictum).

261 1711 326 1734 11η.
345 1711 373 1733 In
395 1711 524 1735 montosis
537 1710 630 1735 insulae
643 1712 753 1736 Maderae
770 1721 776 1736 :
791 1712 899 1738 Webb!
915 1712 944 1735 In
961 1712 1046 1736 hortis
1067 1712 1178 1742 Europae
1193 1709 1290 1735 colitur
1300 1717 1325 1734 e.
1338 1716 1364 1741 g.
1376 1709 1434 1742 jam
1448 1713 1508 1734 ante
1525 1716 1625 1734 aunum
1641 1709 1708 1734 1789
1720 1726 1728 1738 ,
1743 1710 1770 1734 in
1783 1710 1810 1734 h.
1824 1711 1907 1742 paris.
1924 1718 1958 1736 ex

227 1768 360 1793 Desrouss.
375 1768 393 1793 l.
407 1776 431 1794 c.

258 1826 370 1850 Dtsrntn.
386 1834 475 1851 czocn.
494 1826 578 1859 Stirps
596 1827 757 1851 Muderensis
774 1835 821 1852 nec
835 1828 1014 1852 Canaricnsis.

257 1884 347 1908 Dasea.
370 1884 567 1908 SUFFRUTICULCS
591 1884 941 1917 spithamaeus-dodrantalis
965 1890 989 1909 et
1013 1885 1101 1913 altior,
1119 1884 1316 1916 glaberrimus,
1340 1882 1465 1908 soliorum
1487 1884 1772 1916 pinnatipartitorum,
1792 1892 1856 1909 mox
1875 1886 1956 1918 supra

223 1941 308 1966 caulis
332 1942 408 1966 basin
432 1942 612 1966 consertorum
626 1960 632 1970 ,
650 1943 721 1967 lobis
735 1943 1020 1975 oblongo-lanceolatis
1037 1942 1252 1967 inciso-dentatis
1266 1958 1272 1969 ,
1291 1941 1417 1966 dentibus
1438 1949 1564 1966 mucrone
1580 1942 1654 1966 brevi
1670 1942 1765 1967 obtuso
1784 1944 1934 1968 terminatis
1948 1961 1956 1972 ,

224 2000 384 2032 pedunculis
398 2000 474 2032 longe
490 2001 612 2033 apliyllis.
628 2001 718 2025 ciuus
741 2001 913 2029 adscendens,
926 2000 1202 2033 spitliamaeo-pedalis
1215 2017 1222 2028 ,
1239 1999 1339 2024 inferne
1351 2001 1390 2024 1-1
1407 2000 1447 2023 112
1461 1999 1509 2024 lin.
1521 1999 1654 2024 diametro
1668 2002 1782 2025 metiens
1793 2020 1801 2032 ,
1815 2001 1888 2034 ligno
1900 2009 1956 2027 sot·-

223 2059 284 2082 dide
296 2059 411 2086 albentc.
422 2060 539 2084 medulla
554 2060 663 2084 centrali
677 2061 754 2087 farto,
769 2061 866 2084 cortice
879 2060 962 2083 dilute
974 2059 1177 2087 brunnescente,
1192 2059 1423 2090 longitudinaliter
1431 2060 1531 2089 striata,
1547 2059 1648 2083 inferne
1660 2060 1833 2085 cicatricibus
1847 2061 1861 2084 a
1875 2062 1956 2086 solio-

225 2125 282 2141 rum
300 2118 494 2142 destructorum
510 2119 654 2143 insertione
676 2120 741 2142 ortis
759 2124 874 2143 notatas.
889 2120 947 2142 Mox
961 2120 1019 2150 (1-2
1038 2119 1118 2151 poll.)
1133 2119 1211 2151 supra
1227 2118 1303 2142 basin
1317 2118 1401 2142 cautis
1417 2118 1531 2150 simplex
1544 2135 1550 2146 ,
1565 2119 1735 2150 1-cept1atus,
1749 2120 1791 2144 vel
1805 2121 1831 2144 in
1846 2129 1953 2146 ramum

227 2183 308 2199 unum
323 2175 434 2203 divisus,
447 2176 528 2200 dense
544 2176 651 2201 sotiatus
665 2181 715 2201 est.
734 2177 808 2201 Folia
823 2177 951 2204 conferta,
966 2178 1077 2205 alterna,
1093 2177 1243 2207 carnosula,
1259 2176 1368 2205 viridia,
1383 2177 1425 2201 1-2
1440 2176 1506 2209 poll.
1522 2176 1601 2208 longa
1614 2194 1622 2205 ,
1637 2179 1749 2209 superne
1765 2179 1955 2205 circumferen-

226 2235 262 2258 tia
274 2234 395 2259 4-101111.
412 2234 465 2258 lata
478 2255 484 2266 ,
498 2235 549 2259 obo
558 2240 616 2259 vata
629 2243 654 2260 v.
668 2235 778 2260 obverse
793 2236 938 2261 lanceolata
953 2254 959 2264 ‚
973 2236 1173 2268 pinnatipartita
1184 2255 1192 2265 ‚
1210 2236 1310 2259 inferne
1333 2236 1359 2259 in
1381 2235 1512 2268 petiolum
1533 2236 1659 2260 abeuntia
1673 2256 1679 2266 ,
1695 2236 1796 2261 alatum
1808 2257 1814 2267 ,
1828 2237 1956 2264 dentibus

223 2292 359 2316 nonnullis
376 2293 543 2324 (adauctum)
557 2294 706 2318 obsessum.
725 2296 814 2318 Pinnae
828 2296 956 2327 oppositae
967 2303 992 2319 v.
1007 2294 1166 2319 subalternae
1178 2311 1185 2322 ,
1198 2295 1322 2326 utrinque
1336 2294 1380 2317 2-5
1394 2293 1635 2325 oblongo-obverse
1649 2292 1805 2320 lanceolatae
1812 2297 1888 2331 ,-,2-8
1903 2299 1913 2329 (
1925 2298 1952 2321 in

225 2351 314 2382 planta
330 2351 458 2382 culta-16)
475 2351 523 2375 lin.
541 2352 625 2384 longae
639 2370 646 2381 ‚
660 2354 731 2384 ὄψι-2
743 2355 782 2384 112
800 2353 807 2384 (
822 2355 847 2376 in
863 2353 967 2378 cultis-5
978 2354 986 2385 )
999 2354 1047 2377 lin.
1061 2355 1172 2385 superne
1185 2352 1244 2376 latae
1256 2369 1262 2379 ,
1278 2352 1292 2375 a
1305 2351 1362 2375 basi
1378 2351 1413 2375 ad
1427 2351 1532 2383 apicem
1547 2353 1630 2383 usque
1642 2330 1954 2384 irregulariterssentato-

224 2414 330 2434 serratae
341 2427 346 2436 ‚
363 2409 489 2434 dentibus
502 2411 934 2442 ovato-triangnlari-lanceolatis,
951 2409 1406 2442 (elongato—lanceolato-linearibus
1420 2410 1447 2432 in
1460 2409 1567 2441 cultis),
1583 2410 1745 2443 subintegris
1755 2428 1762 2439 ,
1778 2414 1862 2437 acutis
1874 2430 1881 2441 ,
1894 2421 1952 2438 cor·-

224 2468 332 2500 pusculo
350 2468 492 2492 rotundato
503 2486 509 2496 ,
525 2469 551 2492 in
567 2469 644 2494 cultis
662 2469 699 2502 pl.
719 2474 809 2499 acum,
824 2470 971 2494 subcorneo
987 2471 1146 2494 terminatis.
1164 2469 1263 2493 Raetiis
1274 2468 1344 2492 alata
1356 2469 1420 2493 112-1
1434 2469 1476 2493 112
1490 2468 1539 2492 lin.
1553 2468 1607 2493 lata
1619 2486 1625 2497 ,
1638 2469 1707 2493 intra
1721 2470 1817 2501 pinnas
1827 2477 1949 2501 cuneata,

225 2527 242 2550 i.
261 2534 284 2550 e.
302 2527 403 2550 inferne
425 2531 559 2552 attenuata
574 2545 580 2555 ,
599 2531 711 2560 superne
733 2528 978 2556 cumano-dilatata,
994 2529 1105 2560 integra,
1118 2527 1156 2559 pl.
1170 2527 1232 2551 vero
1250 2527 1277 2550 in
1291 2526 1362 2550 sotiis
1376 2525 1524 2558 majoribus
1538 2526 1605 2550 infr-‘⁸³
1622 2527 1728 2558 pinnas,
1743 2526 1864 2552 dentIum
1877 2536 1951 2561 pare,

224 2589 311 2608 aucta.
330 2583 434 2607 Folium
448 2584 482 2607 ad
497 2584 618 2608 medium
643 2585 671 2608 in
693 2585 824 2617 petiolum
839 2585 895 2610 abit
910 2603 915 2613 ,
934 2587 948 2609 e
970 2585 1088 2610 rachinis
1100 2585 1299 2609 continuatione
1313 2584 1428 2610 sactum,
1445 2583 1482 2616 pl.
1501 2583 1626 2608 dentibus
1641 2585 1776 2610 nonnullis
1789 2586 1932 2612 adauctum
1944 2605 1950 2616 ,

223 2641 280 2666 basi
297 2642 375 2674 paulo
390 2642 531 2667 dilatatum
547 2648 571 2667 et
586 2651 648 2667 mox
663 2644 741 2675 supra
758 2643 834 2667 basin
848 2644 874 2667 in
888 2643 980 2668 dentes
995 2643 1136 2668 nonnullos
1150 2650 1255 2676 parvos,
1266 2642 1547 2672 lineari-lanceolatos‚
1559 2642 1745 2668 dilaceratum.
1759 2644 1876 2676 Superne
1887 2646 1951 2671 solia

224 2700 328 2723 minora
342 2701 465 2727 evadunt.
480 2701 548 2730 tl2-1
563 2700 627 2733 poll.
641 2701 729 2732 longa,
745 2703 814 2733 5145
827 2701 874 2724 lin.
889 2701 952 2728 lata,
967 2701 1079 2725 obverse
1091 2700 1249 2728 lanceolata,
1262 2700 1370 2725 dentata
1382 2700 1424 2725 vel
1437 2700 1600 2733 subintegra,
1613 2701 1690 2725 basin
1702 2702 1793 2726 versus
1804 2703 1866 2727 vero
1883 2711 1952 2729 sem-

222 2765 270 2790 per
283 2757 407 2781 dentibus
423 2758 559 2782 nonnullis
574 2763 660 2783 aucta.
674 2759 792 2791 Superne
809 2759 892 2784 caulis
906 2760 933 2783 in
946 2759 1127 2791 pedunculum
1141 2760 1197 2784 abit
1208 2759 1376 2791 elongatum,
1391 2759 1492 2783 nudum
1507 2759 1549 2784 vel
1567 2760 1707 2792 squamuta
1719 2763 1800 2792 parva
1817 2766 1948 2794 notatum¹

221 2816 474 2844 striato-sulcatum,
490 2824 551 2840 cum
573 2817 690 2849 capitulo
707 2819 750 2841 5-4
773 2817 838 2849 poll.
860 2818 979 2850 longum,
993 2818 1042 2842 sub
1061 2817 1179 2850 capitulo
1190 2818 1234 2842 vix
1246 2817 1397 2842 dilatatum.
1411 2816 1532 2849 Capitula
1544 2817 1674 2850 speciosa,
1687 2817 1831 2843 multiflora
1844 2820 1949 2846 herma-

219 2874 344 2908 phrodita
356 2894 362 2905 ,
377 2882 483 2907 semper
496 2880 594 2900 erecta.
612 2877 772 2901 lttvomctttm
794 2878 1027 2909 hemisphaericum
1045 2878 1062 2901 4
1083 2876 1132 2900 lin.
1147 2876 1232 2900 altum
1243 2893 1250 2904 ,
1267 2883 1440 2908 squamarum
1461 2880 1536 2908 parte
1560 2876 1672 2902 soliacea
1688 2878 1928 2904 ovato-lanceolata
1939 2899 1946 2911 ‚

217 2934 369 2963 rotundam,
382 2934 495 2962 virente,
511 2934 584 2958 fusco
601 2934 750 2965 marginata
766 2938 791 2958 et
807 2934 834 2957 in
849 2935 1042 2958 scariositatem
1057 2933 1155 2963 albam,
1173 2933 1321 2965 hyalinam‚
1336 2940 1460 2966 magnam
1473 2935 1600 2967 expansa,
1617 2935 1644 2959 in
1657 2937 1775 2967 squamis
1791 2937 1903 2962 internis
1919 2939 1946 2962 in

219 2992 393 3024 appendicem
413 2992 573 3020 rotundam,
589 2990 716 3016 diametri
735 2991 752 3014 2
769 2992 811 3024 112
833 2990 964 3015 linearum
981 2991 1123 3016 dilatatum
1135 3009 1142 3020 ,
1160 2992 1280 3024 margine
1302 2992 1404 3016 minute
1428 2995 1453 3017 et
1477 2992 1657 3024 irregulariter
1678 2995 1944 3022 menate-dentatam.

220 3049 418 3075 namucum:-
432 3050 548 3079 nudum,
563 3050 703 3078 conicum,
716 3049 733 3073 2
744 3050 785 3075 112
795 3049 845 3074 lin.
859 3048 1000 3074 altitudine
1022 3050 1143 3075 metiens.
1161 3050 1258 3075 Fconzs
1272 3050 1342 3075 radii
1365 3049 1499 3082 lingulati,
1517 3050 1644 3083 foeminei,
1658 3051 1713 3077 albi
1723 3071 1730 3084 ‚
1744 3053 1788 3077 8-9
1803 3053 1851 3079 lin.
1865 3053 1947 3087 longi.

321 3119 368 3140 tn.
378 3126 418 3131 —
431 3109 474 3147 (2ε
494 3118 586 3146 sacr.)
1737 3110 1777 3140 33
