2432 3969
1214 484 1382 531 (124)

440 582 603 629 Legimus
623 580 655 613 in
676 576 885 613 convallibus
900 573 1103 622 Tamadayae
1125 581 1159 607 et
1182 573 1225 608 de
1250 573 1289 607 la
1313 572 1443 607 Goleta
1457 599 1465 614 ‚
1487 578 1520 605 ct
1539 572 1572 605 in
1589 570 1675 604 valle
1696 571 1885 605 Bataniensi
1909 570 2026 605 insulae
2043 572 2156 604 Tene-

442 655 527 689 riffae
551 653 593 687 ad
617 654 748 686 Eurum
768 657 802 683 et
822 651 966 683 Boream
983 659 1175 691 conversan,
1191 647 1224 680 in
1241 645 1358 680 insulae
1376 645 1501 680 Palmae
1520 643 1731 679 convallibus
1749 645 1857 690 prope
1874 643 2040 691 oppidum
2054 671 2062 687 ‚
2078 655 2155 677 nec-

443 739 511 761 non
531 726 564 759 in
578 723 720 759 Canaria
730 749 739 765 ,
756 729 791 755 et
811 720 843 753 in
860 719 998 767 sylvulis
1014 720 1294 754 Fuerteventurae
1310 729 1381 752 non
1395 718 1497 764 longe
1511 718 1529 751 a
1548 716 1677 764 templo
1694 716 1780 751 divae
1798 717 1913 750 Mariae
1925 716 1967 750 de
1984 717 2022 750 la
2040 717 2155 751 Pena.

441 800 588 846 Lignum
619 795 750 843 praebet
781 793 1002 828 durissimum
1023 791 1165 839 pulchre
1184 792 1539 826 fusco-marmoratum
1555 789 1644 836 (fere
1670 790 1719 823 uti
1748 789 1996 823 Brasiliensium
2015 789 2157 834 lignum

441 870 572 916 rosoe);
591 867 764 916 ligonibus
778 867 932 914 jugoque
946 866 1047 899 aratri
1066 864 1287 899 conficiendis
1306 863 1456 907 inservit,
1473 862 1619 909 ideoque
1631 864 1649 896 a
1664 862 1793 897 colonis
1812 861 1953 895 incautis
1973 868 2041 895 tam
2061 860 2160 895 indis-

440 943 645 979 criminatim
669 940 828 983 caeditur,
844 947 882 974 ut
900 950 1017 986 paucae
1034 937 1145 972 adhuc
1161 936 1303 970 arbores
1316 936 1468 969 femineae
1487 935 1658 982 supersint
1671 946 1811 980 masque
1828 934 1859 967 in
1876 933 1948 967 dies
1962 932 2070 966 rarior
2083 944 2161 966 eva-

442 1016 513 1052 dat.
528 1015 688 1050 Resinam
705 1012 889 1060 quamdam
904 1009 1084 1046 mastiches
1099 1010 1204 1044 instar
1216 1007 1382 1043 balsamo
1403 1008 1446 1043 de
1461 1009 1646 1055 almacigo
1665 1008 1791 1043 dictam
1808 1009 1826 1041 e
1847 1014 1968 1041 trunco
1982 1005 2162 1040 extrahunt

444 1089 676 1124 Canarienses.

493 1163 654 1196 DisTnm.
674 1170 778 1193 onoc.
803 1157 918 1191 Arbor
937 1164 989 1190 est
1007 1155 1162 1190 Africana
1188 1155 1400 1189 Mauritaniae
1431 1154 1600 1188 montium
1631 1154 1743 1187 accola
1772 1165 1849 1199 quae
1874 1152 1936 1186 nisi
1961 1152 2164 1199 proceritate·

445 1235 631 1280 habituque
661 1233 808 1267 arboreo
836 1233 855 1264 ἐι
887 1230 935 1264 P.
964 1226 1185 1263 Terebintlzo
1216 1228 1316 1261 Linn.
1341 1228 1395 1261 vix
1419 1239 1458 1262 ac
1475 1239 1517 1261 ne
1540 1228 1594 1260 vix
1618 1226 1754 1260 differre
1772 1226 1921 1266 videtur.
1944 1225 2166 1260 characteres

447 1320 581 1350 omnes,
595 1307 694 1352 eique
711 1302 910 1338 debilissimi
922 1329 931 1346 ‚
948 1301 1075 1347 quibus
1092 1299 1321 1348 dignoscenda
1342 1301 1386 1334 sit
1406 1300 1439 1334 in
1455 1299 1633 1347 diagnosin
1650 1308 1804 1334 nostram
1823 1299 2064 1346 compulimus.

1051 1459 1337 1489 EXPLICATIO
1367 1458 1471 1489 TAB.
1501 1449 1566 1490 66.

500 1571 511 1592 1
523 1586 530 1592 .
549 1560 678 1591 Ramus
692 1554 850 1602 aphyllus
868 1553 1012 1588 racemis
1028 1552 1185 1586 masculis
1205 1551 1392 1598 explicatis.
1410 1563 1442 1585 2.
1464 1552 1591 1585 Ramus
1610 1550 1776 1584 semineus
1792 1549 1944 1584 fructifer
1957 1556 1992 1583 et
2010 1548 2168 1590 foliosus,

444 1631 569 1666 foliolis
583 1629 754 1675 aliquibus
764 1625 928 1675 Aplzidis
947 1626 1127 1660 Pistacioe
1145 1636 1263 1658 morsu
1282 1623 1436 1667 bussosis,
1448 1623 1552 1657 ambo
1573 1622 1806 1670 magnitudine
1826 1622 1982 1656 naturali.
1997 1621 2032 1657 3.
2052 1622 2170 1655 Flores

444 1703 580 1738 feminei
599 1701 744 1736 bracteis
762 1707 796 1735 et
815 1699 936 1747 calycis
950 1698 1074 1733 foliolis
1093 1698 1219 1745 stipati,
1235 1696 1484 1744 magnitudine,
1501 1704 1604 1743 prout
1619 1696 1738 1742 figurae
1753 1707 1873 1730 omnes
1892 1695 2046 1742 reliquae,
2065 1696 2167 1729 aucti.

446 1776 482 1820 4.
503 1778 641 1810 Bractea
664 1772 858 1808 communis
882 1773 901 1806 e
924 1770 1020 1818 cujus
1038 1770 1136 1805 axilla
1155 1769 1328 1816 prodeunt
1348 1769 1462 1804 flores.
1486 1769 1520 1804 5.
1548 1769 1711 1803 Ovarium
1740 1768 1828 1815 stylo
1852 1769 1958 1802 reciso
1987 1776 2023 1802 et
2048 1768 2171 1802 foliolis

446 1847 603 1895 ealycinis
629 1846 764 1881 avulsis.
791 1845 825 1878 6.
849 1848 966 1891 Drupa
985 1844 1166 1877 immatura
1184 1870 1192 1885 ‚
1212 1842 1458 1889 longitrorsum
1485 1850 1574 1876 secta
1594 1850 1633 1876 ut
1648 1850 1804 1888 appareat
1826 1841 1967 1876 ovulum
1985 1841 2136 1875 funiculo
2153 1843 2172 1874 Ξ(

446 1921 552 1956 fundo
578 1927 656 1955 orto
684 1929 899 1966 suspensum.
925 1931 960 1965 7.
986 1916 1117 1951 Eadem
1145 1916 1259 1951 fructu
1285 1916 1356 1962 jam
1384 1923 1531 1950 maturo.
1564 1917 1599 1950 8.
1623 1915 1780 1963 Embryo
1807 1914 1986 1962 chlamyde
2007 1914 2167 1949 detracta.

447 2006 481 2041 9.
505 1992 635 2028 Eadem
650 1991 855 2039 cotyledone
867 1990 973 2025 altera
992 1989 1137 2025 sublata.
1160 2002 1213 2023 10.
1237 1989 1449 2036 Embryonis
1468 1989 1571 2023 sectio
1592 1988 1824 2023 horizontalis.

802 2149 841 2187 2.
881 2142 1202 2188 PISTACIA
1232 2140 1630 2186 LENTISCUS.
1668 2142 1820 2185 L1NN.

499 2267 537 2299 P.
553 2264 753 2307 arbuscula;
773 2263 863 2297 foliis
888 2261 1154 2310 perennantibus
1165 2288 1176 2304 ,
1200 2261 1381 2304 coriaceis,
1397 2260 1543 2308 abrupte
1566 2261 1714 2308 pinnatis
1728 2288 1737 2305 ‚
1755 2259 1919 2308 3-4-jugis
1929 2288 1940 2305 ,
1954 2261 2046 2295 rachi
2065 2261 2173 2304 alat-:15-

451 2339 563 2386 calyce
581 2337 706 2381 5-fido,
724 2337 851 2371 laciniis
865 2336 992 2381 ovatis;
1009 2335 1141 2383 drupus
1159 2334 1343 2382 sphaericiS‚
1359 2333 1586 2368 subsuccosis.

492 2412 598 2450 Σχῖνος.
615 2410 728 2445 Βιὀ.ςε.,
742 2409 788 2439 lib.
801 2411 830 2446 1,
842 2419 907 2447 cap.
924 2409 975 2439 77.

491 2474 659 2505 Lentiscus.
679 2474 773 2512 Plin„
788 2474 836 2503 lib.
853 2474 891 2503 18
901 2495 910 2510 ,
926 2483 987 2513 cap.
1005 2472 1054 2502 25.
1068 2489 1108 2494 —
1121 2471 1216 2508 Clas„
1231 2471 1275 2501 Pl.
1294 2471 1383 2511 hisp„
1397 2482 1466 2511 pag.
1488 2471 1536 2501 85.
1551 2488 1590 2494 —
1600 2472 1633 2501 H
1636 2472 1680 2500 ist.
1685 2493 1695 2508 ,
1709 2471 1760 2501 vol.
1777 2474 1805 2508 1,
1818 2482 1884 2510 pag.
1903 2471 1949 2501 14.
1964 2487 2002 2494 —
2016 2472 2045 2503 J.
2065 2472 2179 2505 Baulffi

454 2540 549 2576 Hise„
561 2539 615 2568 vol.
635 2541 665 2576 1,
679 2549 748 2578 pag.
763 2539 832 2569 285.

494 2602 625 2632 Pistaeia
638 2602 806 2632 Lentiscus.
821 2603 923 2638 Linn..
934 2602 982 2640 Sp.
999 2602 1054 2641 pL,
1067 2602 1116 2631 vol.
1132 2603 1162 2636 1,
1175 2612 1246 2640 pag.
1262 2600 1349 2630 1455.
1359 2616 1399 2623 —
1414 2599 1556 2638 Dulium„
1566 2600 1669 2637 Arhr„
1680 2599 1724 2628 ed.
1739 2601 1769 2637 1,
1780 2601 1830 2631 vol.
1845 2602 1873 2638 1,
1890 2601 1944 2629 tab.
1962 2601 2029 2632 136.
2040 2618 2079 2624 —
2089 2601 2132 2632 ed.
2147 2603 2181 2637 2.

458 2668 514 2697 tab.
532 2668 579 2697 22.

495 2732 633 2762 Lentisco.
650 2731 887 2764 Canariensium.

507 2798 595 2832 ΗΑΒ.
614 2797 798 2832 Crescebat
818 2797 955 2844 copiosa
981 2797 1015 2831 in
1043 2803 1160 2831 monte
1182 2795 1261 2830 hine
1288 2794 1469 2829 Lentiscali
1495 2793 1585 2829 dicto
1612 2794 1731 2829 insulae
1760 2795 1911 2829 Canariae
1937 2803 1972 2830 et
2001 2796 2032 2829 in
2061 2803 2181 2831 monte

460 2871 634 2913 Doramae,
649 2881 712 2904 nec
723 2869 802 2904 alibi
816 2869 975 2905 vidimus.

506 2945 664 2978 D1s‘rmss.
686 2954 791 2978 onoc.
819 2944 942 2977 Frutex
965 2951 1016 2978 est
1043 2943 1095 2978 vel
1121 2941 1299 2977 arbuscula
1326 2941 1359 2975 in
1393 2941 1591 2989 regionibus
1623 2941 1784 2977 omnibus
1814 2943 1901 2978 mari
1929 2941 2181 2977 Mediterraneo

458 3016 614 3052 obversis
627 3015 789 3063 vulgaris.
