2432 3969
1029 532 1042 572 (
1075 526 1155 566 ‚417
1187 531 1200 574 )

279 616 397 645 Formae
411 615 475 644 aliae
492 615 599 645 florent
612 618 628 645 51
644 616 809 646 Februario
822 618 852 646 in
866 616 1004 654 Julium,
1021 616 1082 646 haec
1095 617 1259 656 septembri
1273 639 1279 653 ‚
1300 624 1330 645 et
1346 616 1443 645 forma
1458 613 1628 653 praecedens
1647 612 1811 651 palmensis
1827 611 1974 650 Augusto.

239 682 384 711 Attamen
401 691 468 710 eam
485 688 605 711 tantum
621 689 656 711 ut
670 683 802 712 formam
818 684 926 722 speciei
944 689 1052 711 nostrw
1067 682 1293 721 polymorphae‚
1311 692 1371 710 non
1386 687 1422 710 ut
1437 680 1567 719 speciem
1583 677 1767 718 peculiarem
1787 677 1977 706 considerare

239 757 373 785 possum.
388 746 519 775 Habitus
531 746 691 785 peculiaris
706 748 745 776 ob
760 747 860 776 caules
874 747 1041 785 elongatos,
1054 746 1127 775 solia
1139 752 1265 785 angusta
1280 752 1311 775 et
1326 744 1462 783 capitula
1477 754 1569 783 parva
1581 752 1742 772 racemosa.
1758 741 1818 771 Sed
1830 743 1976 771 transitus

240 810 271 837 in
287 808 360 837 alias
375 808 576 838 observantur
591 808 713 838 formas.
732 808 823 846 Apud
843 818 897 837 nos
912 808 1084 836 Hieracium
1102 807 1262 847 prfcaltum
1279 807 1442 846 pluresque
1457 805 1522 835 aliae
1537 805 1733 835 Cichoriaceae
1748 803 1840 834 simili
1858 805 1977 834 variant

241 874 343 903 modo.

281 940 311 970 C.
332 939 418 969 Folia
438 939 712 975 sinuato-dentata,
735 939 830 977 magis
846 939 959 977 integra
980 949 1072 978 quam
1088 938 1190 967 forma*
1211 936 1269 966 sub
1289 936 1312 965 B
1331 934 1498 973 descriptae,
1515 933 1695 968 lanceolata,
1712 933 1846 972 elliptica
1860 952 1896 956 —
1913 934 1974 963 late

241 1013 345 1042 ovata,
362 1005 462 1034 caules
477 1006 549 1035 6-20
564 1004 638 1043 poll.
656 1004 753 1043 longi,
770 1004 905 1042 robusti,
921 1010 954 1034 ’1-
967 1023 1005 1027 -
1021 1004 1208 1044 corymbosi;
1225 1002 1360 1042 capitula
1376 1001 1540 1030 mediocria
1557 1000 1601 1030 vel
1619 1011 1735 1039 magna.

281 1083 309 1102 a.
327 1071 525 1100 Involuerum
540 1069 611 1109 pilis
625 1069 836 1109 glanduliseris
850 1080 884 1104 -ι-
899 1087 938 1093 --
953 1069 1121 1108 hispidum.

280 1138 307 1166 9.
327 1137 438 1166 Forma
453 1134 684 1164 cliei‘r-atzllzoides.
703 1134 867 1164 Tencriffa.
885 1136 1029 1165 Barrarzco
1044 1136 1078 1165 de
1093 1137 1238 1176 Anavigo,
1252 1134 1362 1174 Arnisa,
1380 1134 1414 1162 17
1431 1132 1513 1162 Maio
1527 1132 1603 1162 1845
1617 1142 1623 1160 :
1640 1130 1813 1170 Bourgeaul
1831 1131 1974 1163 Unicum.

241 1200 342 1230 Caulis
360 1201 476 1240 pedalis
490 1208 520 1231 et
534 1201 627 1238 ultra,
641 1202 850 1240 cmymbosus,
867 1203 999 1242 capitula
1016 1202 1193 1238 mediocria,
1210 1201 1367 1231 involucra
1384 1210 1455 1229 cum
1474 1198 1656 1238 pedunculis
1670 1198 1742 1237 pilis
1758 1198 1982 1229 ssavo-virenti-

240 1267 299 1296 bus
309 1267 440 1305 hispida,
453 1267 524 1296 solia
540 1267 900 1305 lineari-lanceolata,6-8
911 1268 964 1297 lin.
980 1269 1053 1304 lata,
1065 1267 1294 1307 superficialiter
1305 1264 1579 1299 sinuato-dentata,
1592 1263 1738 1293 dentibus
1749 1265 1858 1294 acutis.
1872 1264 1980 1302 Quoad

241 1332 314 1362 solia
332 1339 458 1372 angusta
479 1332 539 1361 lunc
560 1332 659 1362 forma
678 1332 826 1371 palmensi
849 1340 879 1362 et
904 1332 1038 1372 teydensi
1058 1332 1167 1362 similis
1182 1339 1212 1361 et
1234 1331 1388 1361 mediante
1407 1330 1507 1360 forma
1525 1329 1743 1359 multidentata
1763 1330 1856 1359 etiam
1874 1329 1981 1359 formis

243 1398 394 1437 genuinis.

286 1467 332 1494 10.
349 1464 462 1495 Forma
475 1476 624 1504 gomercra.
642 1478 682 1493 =
697 1466 849 1504 Andryala
865 1475 1011 1504 gomer-:ca
1026 1464 1058 1493 C.
1077 1464 1114 1493 H.
1138 1462 1261 1493 Schultz
1275 1462 1340 1501 Bip.
1362 1463 1393 1491 in
1411 1462 1484 1492 Litt.
1502 1461 1541 1490 ad
1556 1460 1593 1490 cl.
1611 1461 1722 1492 Webb.
1740 1461 1888 1499 Gomera,
1905 1461 1984 1492 valle

244 1532 395 1568 Hermoso,
419 1531 491 1560 locis
513 1532 613 1568 siccis,
631 1532 668 1561 16
685 1532 759 1570 Apr.
780 1531 866 1562 1845.
886 1529 1062 1570 Bourgeau!
1080 1529 1223 1558 Unicum.
1243 1526 1345 1556 Caulis
1360 1527 1411 1556 5·ss
1427 1526 1599 1565 pollicaris,
1614 1525 1827 1563 abbreviatus,
1844 1527 1935 1557 dense
1953 1534 1984 1557 et

243 1596 331 1635 longe
346 1603 535 1625 tomentosus
546 1620 553 1632 ,
571 1598 601 1625 in
617 1597 799 1636 corymbum
812 1605 956 1634 magnum
974 1604 1141 1633 expansus,
1159 1602 1288 1631 superne
1304 1591 1392 1621 valde
1409 1591 1566 1629 hispidus,
1582 1590 1656 1619 folia
1678 1594 1689 1619 1
1708 1592 1757 1630 1βῖ
1768 1591 1841 1629 poll.
1860 1599 1891 1621 et
1905 1591 1986 1621 ultra

243 1660 321 1698 lata,
339 1660 592 1699 elliptico-ovata‚
606 1664 637 1690 in
652 1660 802 1699 petiolum
813 1666 988 1694 attenuata,
1004 1658 1211 1698 irregulariter
1226 1664 1256 1687 et
1272 1658 1366 1696 magis
1382 1662 1469 1686 acute
1484 1656 1609 1685 dentata
1619 1679 1626 1692 ‚
1642 1656 1860 1685 subundulata.
1875 1657 1987 1686 Forma

242 1724 305 1754 haec
319 1726 444 1765 insignis
458 1736 528 1754 cum
545 1725 652 1756 formis
668 1725 725 1755 sub
738 1725 762 1754 B
788 1725 947 1764 descriptis
961 1724 1099 1764 jungitur
1113 1723 1303 1753 intermediis
1319 1733 1343 1753 e.
1359 1733 1386 1763 g,
1406 1733 1476 1752 cum
1491 1722 1589 1752 forma
1603 1721 1759 1751 Buchiana
1775 1730 1805 1751 et
1821 1722 1900 1752 soliis
1916 1723 1986 1753 latis

243 1790 375 1820 dentatis
388 1802 459 1820 cum
474 1790 655 1822 Webbiana.

284 1859 329 1887 11.
349 1857 459 1887 Forma
474 1858 635 1897 cunef'solia.
655 1857 719 1887 Ins.
737 1859 856 1894 Hier-ro,
877 1865 966 1886 monte
985 1857 1020 1886 de
1038 1857 1194 1893 Samma,
1210 1855 1260 1884 die
1280 1857 1317 1885 18
1332 1853 1417 1883 Junii
1441 1853 1515 1882 1845
1534 1863 1540 1883 :
1564 1852 1740 1893 Bourgeau!
1765 1864 1791 1882 n.
1819 1855 1846 1883 9.
1870 1854 1988 1883 Ramus

243 1922 448 1960 dodrantalis‚
464 1923 628 1960 robustus,
646 1923 738 1952 dense
754 1922 886 1952 foliatus
896 1945 904 1960 ‚
919 1921 1307 1962 corymboso-racemosus‚
1328 1919 1398 1958 pilis
1420 1908 1596 1949 12-1·adiatis
1611 1919 1758 1959 elongatis
1773 1930 1866 1948 canus
1881 1926 1911 1948 et
1925 1920 1987 1958 jam

243 1997 261 2016 a
280 1986 383 2016 medio
405 1986 498 2015 caulis
519 1986 589 2026 pilis
608 1987 879 2016 flavo-virentibus
899 1988 931 2016 in
949 1985 1132 2026 pedunculis
1150 1992 1181 2015 et
1201 1985 1350 2015 involucri
1369 1984 1599 2014 confertissimis
1620 1984 1708 2014 valde
1727 1984 1879 2024 hispidus.
1900 1984 1987 2014 Folia

245 2051 530 2089 obovato-cuueata,
546 2062 645 2091 grosse
660 2059 691 2081 et
707 2051 921 2091 irregulariter
934 2057 1022 2080 acute
1036 2049 1172 2087 dentata,
1188 2059 1279 2089 supra
1292 2048 1520 2088 glabrescenua,
1535 2049 1668 2088 capitula
1686 2049 1852 2079 mediocria
1866 2060 1985 2090 magna.

244 2118 348 2147 Affinis
361 2118 467 2147 sormae
482 2118 660 2156 Buchianae‚
676 2129 696 2157 p
706 2119 835 2158 raecipue
848 2118 1009 2158 specimini
1022 2128 1039 2147 e
1053 2116 1205 2147 Teneriffa
1215 2138 1223 2154 ,
1239 2116 1292 2146 sed
1305 2117 1397 2146 etiam
1413 2115 1599 2145 Webbiauae.

285 2185 331 2213 ¹12.
346 2183 457 2212 Forma
471 2183 646 2214 Webbiana.
658 2195 698 2210 Ξ
708 2183 863 2223 Audryala
873 2182 997 2212 Webbii
1008 2182 1040 2213 C.
1058 2181 1095 2213 H.
1113 2181 1238 2212 Schultz
1252 2182 1318 2221 Bip.
1332 2182 1364 2211 in
1376 2181 1449 2211 Litt.
1463 2180 1502 2210 ad
1517 2181 1555 2212 cl.
1570 2180 1676 2211 Webh.
1696 2181 1757 2211 Ins.
1777 2183 1891 2219 Ht‘erro,
1908 2184 1986 2212 Iun-a

245 2252 277 2278 de
294 2250 405 2286 lnama,
423 2249 473 2278 die
484 2250 501 2278 8
512 2249 608 2285 Junii,
627 2247 807 2288 Bourgeau!
824 2248 925 2278 caulis
943 2248 1026 2279 ultra
1040 2247 1173 2287 pedalis,
1194 2247 1356 2284 robustus,
1377 2246 1518 2284 solinum,
1540 2247 1755 2287 corymbosus‚
1775 2247 1846 2286 pilis
1864 2248 1990 2277 stellatis

244 2315 410 2345 9-mdiatis
431 2315 615 2345 abbreviatis
639 2325 733 2345 canus
746 2338 753 2352 ‚
769 2325 900 2354 superne
917 2325 989 2344 cum
1005 2313 1152 2355 corymbo
1166 2313 1319 2353 hispidus.
1336 2312 1451 2342 Folia-2
1466 2311 1539 2352 poll.
1557 2312 1635 2350 lata,
1652 2312 1799 2350 obovata,
1815 2314 1988 2352 superficia-

244 2380 315 2410 liter
335 2381 477 2418 dentata,
494 2380 638 2410 dentibus
657 2379 995 2420 lato-triangularibus,
1015 2379 1155 2419 Capitula
1175 2379 1317 2418 speciosa.
1339 2378 1417 2407 Sane
1434 2379 1550 2418 generis
1569 2378 1666 2407 forma
1686 2377 1892 2416 nobilissima,
1908 2379 1989 2410 soliis

245 2446 416 2483 latissimis,
433 2447 566 2476 dentatis
579 2446 814 2476 distinctissima
825 2469 833 2483 ‚
849 2445 900 2475 sed
915 2445 1070 2475 mediante
1085 2445 1183 2474 forma
1198 2444 1362 2474 cuneifolia
1376 2451 1406 2473 et
1421 2443 1625 2484 glabrescente
1641 2446 1672 2474 in
1687 2444 1760 2474 alias
1775 2445 1939 2475 confluens.

287 2513 335 2542 13.
351 2512 463 2542 Forma
477 2513 667 2552 glabrescens.
691 2511 797 2542 Palma
815 2512 846 2540 in
861 2511 1052 2551 rupestrihus
1066 2518 1096 2540 et
1111 2511 1142 2540 in
1157 2511 1244 2550 sylvis
1258 2512 1336 2540 circa
1353 2511 1409 2540 Los
1426 2511 1535 2540 Saaces
1545 2534 1553 2547 ‚
1569 2510 1619 2540 die
1638 2512 1673 2540 17
1688 2510 1705 2539 J
1709 2510 1762 2540 ulii
1780 2510 1868 2541 1845.
1886 2510 1988 2540 Bour-

245 2580 336 2617 geau!
351 2589 379 2609 n.
398 2580 444 2609 13.
461 2577 702 2618 Sesquipedalis,
714 2577 799 2607 caule
810 2584 1066 2616 purpurascente,
1081 2577 1197 2606 inferne
1214 2577 1436 2617 glabrescente,
1451 2577 1559 2607 foliato
1570 2600 1577 2611 ,,
1593 2576 1781 2616 corymboso.
1798 2576 1885 2605 Folia
1896 2575 1988 2615 ellip-

246 2644 306 2673 tica
319 2667 326 2681 ‚
344 2647 358 2675 1
377 2643 451 2682 poll.
470 2651 501 2673 et
514 2643 596 2673 ultra
610 2643 670 2673 lata
680 2668 687 2680 ‚
705 2643 854 2683 utrinque
867 2644 1042 2673 acuminata
1052 2666 1060 2681 ‚
1076 2650 1164 2673 acute
1180 2643 1321 2680 dentata,
1337 2654 1408 2673 cum
1424 2643 1509 2673 caule
1525 2653 1613 2682 parce
1626 2642 1697 2682 pilis
1712 2642 1838 2672 stellatis
1853 2642 1987 2679 munita,

248 2708 393 2748 corymbo
416 2708 486 2748 pilis
505 2708 776 2739 flavo-virentibus
796 2707 1021 2748 hispidissimo,
1041 2708 1129 2738 flores
1147 2707 1273 2747 capituli
1293 2709 1418 2748 speciosi
1437 2708 1547 2748 glabri!
1564 2707 1671 2737 Affinis
1690 2707 1794 2737 sormae
1814 2706 1990 2737 Webbianae

247 2773 298 2802 sed
318 2783 334 2802 e
353 2773 418 2803 loco
434 2773 544 2810 natali,
565 2773 596 2802 in
614 2773 723 2813 sylvis,
742 2773 932 2813 glabrescens
951 2781 982 2804 et
1005 2774 1062 2803 hac
1086 2781 1159 2804 nota
1182 2773 1271 2804 valde
1293 2774 1426 2814 insignis.
1453 2773 1584 2804 Habitus
1605 2772 1836 2813 quodammodo
1860 2772 1989 2802 Ilieracii

248 2837 361 2878 vulgati
378 2838 462 2868 Fries
473 2861 480 2875 ‚
496 2838 600 2868 sormae
615 2838 766 2878 sylvaticae
781 2840 911 2870 Hieracii
926 2851 1089 2870 murorum
1104 2840 1191 2871 Linn.

287 2905 316 2934 b.
336 2904 535 2934 Involucrum
551 2914 679 2942 canum,
697 2905 769 2944 pilis
786 2905 995 2946 glanduliseris
1009 2907 1103 2937 nullis
1117 2907 1263 2937 obsitum.

288 2970 336 2999 14.
354 2970 467 2999 Forma
480 2971 672 3009 Bous-geram.
688 2970 843 3011 Andryala
858 2971 1039 3012 Bourgeauii
1053 2971 1084 3003 C.
1103 2972 1140 3003 H.
1160 2971 1285 3002 Schultz
1301 2972 1370 3012 Bip.
1386 2972 1418 3002 in
1433 2971 1507 3002 Litt.
1523 2970 1565 3000 ad
1584 2969 1622 3000 cl.
1642 2975 1749 3000 testem
1763 2968 1912 3008 Baptismi
1931 2967 1987 2999 filii

248 3037 325 3073 mei,
341 3036 462 3066 Henrici
471 3036 603 3077 Philippi
619 3036 644 3065 F
646 3036 767 3066 riderici
779 3061 786 3074 ‚
809 3038 939 3068 amiciss.
951 3038 1064 3068 Webb!
1076 3039 1224 3076 Gomera,
1238 3040 1383 3069 Bar-rauco
1398 3039 1474 3068 seco
1485 3037 1520 3067 de
1531 3037 1567 3068 V
1565 3036 1735 3072 alhermoso,
1748 3034 1786 3064 16
1802 3034 1872 3074 Apr.
1886 3034 1963 3064 1845
1981 3046 1988 3065 :

250 3099 424 3141 Bourgeau!
441 3101 585 3134 Unicum.
601 3101 709 3133 Caules
724 3103 887 3142 spithamei
897 3127 905 3140 ,
923 3104 1041 3134 robusti
1055 3115 1126 3134 cum
1141 3104 1222 3134 foliis
1236 3103 1410 3135 lanceolatis
1423 3104 1455 3133 -2
1469 3102 1544 3143 poll.
1562 3102 1660 3143 longis
1678 3101 1727 3131 6-8
1742 3100 1795 3131 liu.
1814 3100 1901 3139 latis,
1917 3099 1989 3131 lan-

391 3177 436 3200 iu.
448 3169 534 3204 —(2⁸
550 3171 642 3207 secr.)
1810 3166 1849 3195 53
