2432 3969
1247 479 1415 525 (146)

509 576 567 600 Ons.
582 571 602 599 E
614 575 698 598 fructu
713 573 792 605 hujus
812 572 901 603 stirpis
919 578 1042 602 syrupum
1064 569 1208 602 quemdam
1229 571 1407 600 Chacherquem
1428 568 1529 593 dictum
1548 572 1708 600 paraverunt
1726 568 1821 593 Gaetuli
1840 569 2011 593 Canarienses
2028 576 2107 601 quem
2122 576 2191 593 nunc

479 633 594 657 Lamedor
608 633 637 655 cle
652 633 741 656 Mocan
754 633 847 654 vocant
857 628 943 652 coloni
958 628 1066 659 Hispani
1078 645 1084 655 ,
1096 634 1210 658 eumque
1225 627 1324 659 quibus
1341 628 1391 651 cita
1409 631 1446 650 est
1459 627 1533 650 alvus
1546 631 1570 649 et
1585 627 1609 649 in
1625 626 1741 650 saucium
1753 626 1890 650 doloribus
1902 627 2038 651 exhibent.
2053 627 2082 650 Vi
2096 627 2190 650 astrin-

476 693 546 724 genti
560 690 605 721 (ob
617 690 722 721 coptam
734 688 802 711 succi
815 686 907 710 acidia
920 685 989 717 galla
1001 686 1110 710 extracti
1126 693 1178 717 quo
1194 685 1322 709 redundat
1334 686 1342 716 )
1354 690 1379 709 et
1394 684 1558 716 refrigeranti
1574 684 1680 715 gaudet.
1697 684 1856 708 Remedium
1872 684 1885 707 a
1903 684 1981 709 beato
2003 685 2114 709 Savifion
2134 692 2191 708 me·

476 750 536 773 dico
550 752 576 772 et
590 746 746 778 philosopho
761 744 907 775 Lagunensi
921 743 947 766 in
964 743 1164 774 haemorrhagiis
1177 743 1287 766 internis
1299 743 1361 765 etin
1374 742 1560 774 haemophthisi
1577 741 1670 765 efficax
1687 746 1825 774 expertum
1839 746 1888 766 est.
1905 742 2003 766 Cavum
2022 743 2089 766 inter
2103 749 2194 766 ramos

476 811 627 829 truncorum
641 806 803 826 vetustorum
816 808 869 832 quo
882 807 950 832 aqua
965 799 1089 832 pluvialis
1103 800 1230 823 retinetur
1241 801 1371 824 Guarsamo
1387 801 1461 824 Ferri
1483 800 1574 824 tueolae
1587 805 1690 825 vocant.

1028 953 1322 983 EXPLICATIO
1358 952 1458 982 TAB.
1492 942 1556 982 69.
1588 938 1636 982 B.

932 1079 1118 1112 VISNEA
1153 1078 1446 1112 MOCANERA.
1487 1079 1606 1111 LlNN.
1641 1087 1723 1110 1³11..

525 1192 553 1214 1.
571 1179 785 1213 Alabastrum
804 1177 920 1224 junius
940 1176 1061 1223 calycis
1075 1176 1315 1210 {estivationem
1339 1184 1373 1209 ct
1392 1175 1581 1209 bracteolas
1599 1174 1775 1209 exhibens.
1794 1186 1827 1208 2.
1846 1173 1941 1208 Idem
1960 1174 2086 1208 laciniis
2105 1174 2190 1221 caly-

471 1253 553 1287 cinis
575 1251 687 1286 recisis
707 1258 744 1284 ut
766 1249 992 1296 conspiciatur
1009 1249 1200 1296 petalorum
1222 1249 1396 1283 :estivntia
1419 1247 1454 1283 3.
1477 1248 1571 1281 Idem
1592 1248 1719 1282 corolla
1740 1247 1870 1294 direpta
1888 1247 1979 1281 unde
1999 1247 2139 1281 stamina
2157 1248 2189 1280 in

471 1326 679 1360 aestivationc
700 1324 786 1357 circa
809 1323 972 1370 pistillum
991 1322 1165 1355 imbricata
1185 1321 1440 1368 patefaciantur.
1456 1321 1492 1364 4.
1513 1321 1654 1355 Corolla
1674 1320 1783 1354 ablata
1800 1328 1835 1354 et
1852 1328 1924 1354 arte
1943 1328 2057 1366 aperta
2079 1328 2115 1354 ut
2136 1332 2191 1366 pe-

470 1399 533 1433 tala
557 1398 628 1432 basi
650 1404 792 1431 connata
813 1409 884 1430 sese
907 1395 1050 1429 invicem
1071 1394 1282 1429 imbricantia
1301 1407 1378 1429 cum
1398 1394 1583 1428 staminum
1608 1394 1750 1428 cohorte
1771 1393 1963 1428 videantur.
1984 1393 2018 1429 5.
2037 1394 2190 1428 Petalum

470 1472 618 1507 exterius
636 1470 778 1505 stamina
801 1468 822 1503 3
845 1468 959 1503 medio
981 1480 1122 1515 gerens,
1144 1467 1377 1515 marginibus,
1401 1468 1460 1513 qui
1480 1467 1587 1514 petala
1618 1467 1777 1513 contigua
1802 1466 2051 1510 imbricabant‚
2076 1467 2189 1500 nudis.

471 1548 505 1581 6.
528 1545 721 1580 Petalorum
737 1545 877 1578 interius
897 1544 1039 1577 stamina
1060 1543 1080 1577 5
1104 1542 1308 1576 suffulciens.
1327 1554 1359 1589 7.
1378 1543 1514 1575 Stamen
1531 1542 1727 1575 antrorsum
1743 1541 1865 1575 visum.
1888 1541 1923 1575 8.
1941 1540 2037 1575 Idem
2054 1542 2073 1574 a
2088 1540 2192 1574 dorso

472 1621 595 1655 visum.
618 1633 652 1668 9.
674 1619 754 1653 Flos
772 1617 886 1653 medio
902 1625 1013 1652 sectus
1031 1625 1070 1652 ut
1082 1616 1221 1650 corottae
1240 1616 1492 1662 staminumque
1513 1616 1653 1649 insertio
1671 1623 1704 1650 et
1723 1616 1827 1649 ovarii
1845 1615 1997 1662 positura
2018 1620 2128 1661 pateat
2140 1614 2190 1647 lo-

471 1695 554 1729 culis
567 1693 703 1728 duobus
715 1682 757 1727 ad
774 1692 876 1726 latera
893 1691 1019 1738 apertis
1041 1699 1078 1724 ut
1098 1697 1232 1737 septum
1247 1698 1280 1724 et
1298 1689 1396 1724 ovula
1415 1689 1563 1737 pendula
1578 1689 1775 1723 videantur.
1798 1701 1850 1723 10.
1871 1689 2035 1722 Ovariuni
2050 1688 2193 1734 stigma-

473 1768 563 1802 tibus
577 1774 776 1802 coronatum
789 1765 890 1800 loculi
907 1764 1043 1799 alterius
1061 1763 1165 1798 dorso
1186 1770 1318 1797 resecto
1337 1770 1375 1796 ut
1390 1763 1489 1796 ovula
1503 1762 1523 1796 3
1541 1762 1745 1796 collateralia
1760 1762 1803 1796 ab
1816 1761 1908 1808 apice
1923 1761 2069 1808 pendula
2090 1761 2196 1808 perci-

472 1841 618 1888 piantur.
646 1852 699 1874 11.
719 1839 880 1873 Ovarium
907 1838 1076 1884 integrum
1099 1849 1174 1871 cum
1200 1836 1320 1883 calycis
1341 1835 1448 1870 fundo
1467 1834 1646 1869 cohzerens
1668 1834 1794 1868 laciniis
1812 1841 1846 1867 et
1865 1834 1952 1868 tubo
1976 1834 2136 1868 detractis
2158 1842 2195 1868 ut

470 1926 549 1961 pars
570 1915 643 1960 ejus
664 1912 801 1946 inferior
821 1911 937 1957 glabra
961 1917 994 1945 et
1019 1910 1201 1944 staminum
1227 1910 1470 1956 impressorum
1494 1908 1593 1941 sulcis
1612 1907 1727 1941 striata
1752 1913 1927 1954 appareat.
1956 1919 2010 1940 12.
2033 1907 2194 1941 Ovarium

470 1987 657 2020 transverse
676 1992 806 2019 sectum
830 1984 949 2018 loculis
972 1982 991 2016 3
1015 1982 1224 2017 3-ovuliferis
1245 1982 1427 2028 patefactis,
1452 1980 1504 2015 13.
1525 1981 1677 2015 Ovulum
1702 1982 1911 2027 magnopere
1929 1987 2066 2014 auctum
2087 1988 2124 2014 ut
2140 1993 2197 2027 ap.

468 2066 583 2106 pareat
599 2070 623 2092 a
644 2057 833 2100 funiculus,
850 2054 872 2090 b
894 2063 1069 2090 exostoma
1083 2082 1091 2098 ‚
1109 2066 1126 2088 c
1148 2054 1312 2101 embry0‚
1335 2052 1361 2087 d
1376 2053 1497 2100 raphes
1513 2054 1661 2087 vascula.
1694 2054 1747 2097 14.
1774 2054 1940 2088 Ramulus
1961 2053 2197 2100 magnitudine

466 2132 611 2166 naturali
642 2131 771 2165 fructus
800 2130 911 2176 calyce
937 2129 1120 2163 incrassato
1138 2128 1275 2161 baccam
1294 2126 1478 2160 mentiente
1498 2133 1684 2172 coopertos
1710 2137 1842 2172 gerens.
1877 2126 1932 2160 15.
1957 2128 2060 2160 Bacca
2085 2127 2197 2173 calyce

471 2205 629 2252 abrepto,
646 2211 742 2252 parte
760 2203 836 2238 tubi
857 2202 1015 2236 interi->re
1029 2202 1139 2235 fructu
1152 2202 1295 2234 connata
1312 2200 1470 2245 cupulam
1487 2199 1668 2234 referente.
1694 2200 1749 2233 16.
1766 2202 1868 2233 Bacca
1885 2200 1996 2247 calyce
2013 2200 2196 2234 incrassato

475 2279 651 2313 obtectum
669 2277 916 2324 longitrorsum
931 2283 1029 2309 secta.
1052 2287 1106 2322 17.
1127 2273 1255 2307 Eadem
1273 2274 1532 2307 trausitrorst'tm
1554 2281 1641 2307 secta
1655 2301 1663 2317 ‚
1679 2286 1703 2306 (z
1727 2273 1821 2321 calyx
1844 2274 2062 2316 incrassatus,
2074 2271 2095 2306 b
2108 2271 2129 2306 b
2148 2285 2197 2306 se-

476 2353 566 2387 mina
582 2354 689 2399 prope
707 2351 871 2397 angulum
894 2349 1047 2383 flexionis
1069 2355 1156 2381 secta
1172 2375 1179 2392 ‚
1195 2359 1213 2380 c
1226 2360 1243 2380 c
1255 2359 1272 2380 c
1289 2347 1414 2380 semina
1430 2346 1583 2381 abortiva
1598 2372 1606 2390 ‚
1625 2346 1649 2380 d
1669 2347 1798 2381 vascula
1818 2347 1898 2381 axis.
1924 2347 1977 2380 18.
1996 2349 2097 2380 Bacca
2116 2346 2199 2380 inte-

476 2432 640 2473 gumento
662 2432 760 2458 exuta
778 2431 816 2458 ut
832 2429 1016 2470 appareant
1031 2421 1157 2455 semina
1179 2420 1409 2466 irregulariter
1426 2420 1514 2454 inter
1539 2432 1573 2454 se
1595 2420 1817 2467 agglutinata.
1843 2432 1897 2466 19.
1916 2419 2045 2454 Eadem
2063 2419 2198 2453 semini-

478 2499 542 2533 bus
560 2511 580 2533 2
606 2497 774 2544 ademptis
790 2504 828 2530 ut
846 2495 975 2541 reliqua
989 2493 1168 2528 videantur
1186 2494 1238 2527 axi
1265 2493 1494 2536 adhaerentia,
1514 2505 1538 2527 a
1564 2505 1589 2526 a
1621 2493 1746 2527 semina
1762 2520 1770 2536 ‚
1795 2491 1816 2526 b
1842 2504 1957 2526 semen
1986 2492 2194 2526 abortivum.

481 2585 536 2607 2ο.
553 2574 674 2605 Semen
694 2571 878 2616 integrum.
899 2581 955 2602 21.
976 2568 1071 2602 Idem
1088 2568 1332 2614 longitrorsum
1346 2575 1474 2601 sectum
1490 2593 1498 2609 ‚
1514 2579 1538 2600 a
1559 2573 1654 2609 testa,
1666 2564 1686 2599 l)
1701 2565 1851 2612 chlamys
1865 2564 2198 2612 perispermophora,

480 2658 497 2679 c
517 2644 683 2691 emb1·yO‚
702 2642 726 2677 d
745 2643 865 2690 raphes
884 2642 1035 2685 vascula,
1051 2655 1068 2676 e
1088 2641 1232 2675 chalaza.
1254 2653 1310 2674 22.
1335 2639 1489 2685 Embryo
1511 2638 1689 2686 chlamyde
1716 2639 2033 2686 perispermophora
2053 2639 2201 2672 inclusus

481 2732 506 2753 a
527 2717 585 2751 hili
603 2716 624 2751 b
644 2716 786 2750 chalazae
801 2715 1012 2750 vasculorum
1032 2715 1213 2749 cicatrices.
1241 2713 1300 2748 23.
1324 2713 1475 2760 Embryo
1491 2712 1586 2747 valde
1604 2713 1794 2747 uncinatus.
1821 2712 1878 2757 24.
1902 2712 2054 2760 Embryo
2079 2712 2126 2746 ob
2151 2724 2200 2746 se-

484 2792 584 2827 minis
599 2790 743 2825 formam
757 2790 870 2824 minus
883 2791 1073 2824 uncinatus.
