2432 3969
1199 534 1368 580 (418)

418 634 555 670 ceolatis,
576 634 606 661 in
630 629 778 670 petiolum
798 628 894 657 latum
912 627 1045 663 alatum,
1062 625 1126 655 basi
1143 624 1455 663 semiamplectentem
1472 623 1628 662 expansis,
1649 622 2018 662 subpanduraeformibus‚
2042 626 2146 656 crebre

418 707 449 729 et
464 696 693 738 superficialiter
708 692 976 723 sinuato-dentatis
986 715 994 728 ‚
1010 691 1102 721 dense
1117 698 1146 722 et
1160 690 1606 731 elongato-cano·tomentosis‚
1622 687 1763 727 capitulis
1778 687 1982 718 mediocribus
1996 691 2145 726 (nondum

416 762 607 800 florentibus)
625 758 880 798 subcorymbosis.
903 758 1015 787 Forma
1033 757 1097 787 haec
1116 756 1218 797 quoad
1235 755 1314 796 pilos
1335 755 1470 785 stellatos
1489 754 1644 795 elongatos
1663 753 1768 783 formae
1787 763 1940 793 gomeraeae
1961 753 2074 791 affinis,
2095 757 2147 786 sed

414 828 560 857 foliorum
571 825 669 854 forma
681 830 710 852 et
721 822 870 853 divisione
885 829 915 852 et
929 822 1064 852 absentia
1079 822 1212 861 pilorum
1225 820 1502 862 glanduliferorum
1516 819 1757 850 distinctissima.
1774 819 1915 848 Attamen
1929 819 2037 848 formis
2052 819 2150 849 inter-

414 892 521 922 mediis
536 890 645 919 certior
660 889 757 918 factus
767 912 774 924 ‚
790 889 921 928 speciem
935 889 1021 927 prius
1035 887 1227 923 distinctam,
1244 897 1325 915 nunc
1341 895 1396 924 pro
1410 885 1517 924 speciei
1532 883 1742 924 polyinorphae
1758 883 1857 913 habeo
1871 883 1980 915 forma.

448 958 506 981 Ons.
523 956 583 980 Mihi
600 956 831 987 persuasissimum
848 959 896 985 est,
913 954 1011 978 formas
1026 954 1122 986 speciei
1137 953 1334 985 polymorpliae.
1353 952 1397 976 hic
1414 951 1546 983 prolatas,
1562 949 1595 974 ad
1612 958 1691 974 unam
1706 951 1871 982 eandemque
1886 955 2004 982 spectare
2019 950 2146 983 speciem.

414 1015 501 1041 Simili
518 1013 598 1038 modo
613 1013 701 1046 plures
715 1014 909 1041 Hieraciorum,
926 1011 1181 1038 Leontodontorum,
1198 1011 1366 1042 aliarumque
1381 1009 1625 1039 cichoriacearum,
1642 1009 1745 1033 variant
1760 1009 1872 1041 species.

987 1108 1280 1139 EXPLICATIO
1320 1107 1426 1137 TAB.
1474 1096 1567 1137 135.

466 1206 496 1228 1.
515 1193 627 1241 Stirps
645 1190 881 1239 magnitudine
901 1189 1058 1225 naturali.
1080 1203 1107 1224 1.
1129 1189 1210 1224 Flos
1226 1188 1274 1223 uti
1294 1189 1436 1235 reliquae
1454 1196 1566 1236 partes
1582 1196 1714 1222 auctus.
1729 1185 1765 1221 3.
1784 1187 2050 1234 Receptaculum
2065 1199 2143 1222 cum

413 1267 579 1301 involucri
609 1265 772 1312 squamis.
797 1264 833 1309 4.
866 1264 997 1298 Alveoli
1027 1264 1241 1311 receptaculi.
1267 1262 1287 1298 5
1332 1263 1531 1298 Achaenium
1562 1274 1641 1296 cum
1672 1272 1798 1309 pappo.
1825 1262 1940 1295 Costae
1971 1271 2038 1295 non
2067 1261 2147 1296 satis

413 1341 666 1389 prominentes,
691 1340 792 1373 nimis
814 1338 1023 1383 rotundatae‚
1045 1338 1139 1386 apice
1163 1350 1232 1373 non
1258 1335 1336 1373 satis
1360 1345 1560 1385 protractae,
1579 1335 1673 1370 basin
1697 1347 1814 1369 versus
1833 1346 1933 1379 vero,
1961 1335 2065 1369 invita
2086 1344 2146 1369 na-

413 1418 507 1459 tura,
531 1415 632 1450 nimis
655 1413 829 1457 indicatae,
851 1425 929 1447 cum
949 1412 1001 1446 hic
1014 1412 1291 1447 subevanescant.
1318 1414 1423 1460 Puppi
1447 1411 1608 1446 barbellae
1626 1410 1726 1444 nimis
1746 1409 1970 1456 aequilongte‚
1984 1421 2063 1443 cum
2081 1409 2149 1443 sint

411 1490 542 1526 inferne
560 1489 733 1538 longiores
752 1500 901 1536 superne
921 1487 1108 1523 breviores.

711 1590 838 1623 Sun'rn.
867 1589 908 1622 V.
937 1586 1375 1622 LACTUCACEAE.
1405 1588 1446 1622 C.
1477 1589 1521 1621 H.
1550 1585 1628 1620 Sch.
1660 1585 1735 1633 Bip.
1768 1586 1844 1620 MS.

459 1677 618 1712 Achaenia
637 1675 850 1724 complanata
873 1674 922 1708 vel
943 1681 1167 1720 tetraquetra‚
1183 1673 1353 1707 rarissime
1375 1673 1584 1720 cylindracea
1600 1671 1656 1717 4-5
1675 1684 1779 1719 gona.
1801 1674 1936 1720 Pappus
1957 1671 2070 1705 nullus
2089 1670 2143 1705 vel

412 1759 560 1786 setosus:
583 1751 660 1785 setis
680 1750 786 1783 niveis
800 1775 809 1792 ,
835 1747 1017 1791 flexilibus,
1039 1746 1203 1781 distanter
1221 1746 1325 1780 breve
1347 1745 1928 1788 antrorso-extrorso-denticulatis,
1945 1745 2068 1792 saepius
2091 1745 2142 1778 in-

409 1825 604 1873 aequalibus
623 1824 797 1872 paucis—10
813 1823 860 1871 pl.
879 1834 1003 1870 nempe
1018 1822 1089 1856 aliis
1106 1821 1328 1856 crassioribus
1344 1821 1395 1855 vel
1416 1820 1687 1868 simplicissimis.

560 1923 627 1953 D1v.
656 1923 681 1951 Ι.
706 1922 999 1951 LAMPSANAE.
1026 1920 1058 1949 C.
1083 1920 1119 1951 H.
1145 1920 1270 1950 Schultz
1290 1920 1356 1958 Bip.
1382 1919 1481 1950 scelet.
1504 1925 1576 1959 syst.
1598 1920 1684 1949 artic.
1707 1918 1887 1956 Cichoriac.,
1911 1929 1939 1958 p.
1961 1920 1992 1949 3.

449 1989 591 2019 Achaenia
605 1990 691 2018 calva.

718 2053 788 2083 Div.
812 2052 850 2082 ΙΙ.
876 2051 1246 2082 PRENANTHEAE.
1270 2049 1303 2081 C.
1327 2050 1364 2081 H.
1390 2049 1515 2080 Schultz
1538 2051 1619 2088 Rip„
1641 2050 1661 2080 l.
1688 2061 1727 2087 c.‚
1749 2061 1780 2090 p.
1805 2050 1834 2080 4.

448 2134 528 2173 scyli
543 2134 618 2162 rami
634 2132 753 2172 ligulam
772 2137 945 2171 superantes.
965 2129 1105 2159 Achaenia
1121 2129 1507 2169 cylindraceo-compressa.
1528 2129 1624 2169 Pappi
1639 2136 1708 2159 setae
1722 2128 1926 2165 denticulatae,
1943 2128 2141 2168 subaequales,

409 2198 513 2229 areolae
528 2197 650 2238 apicalis
664 2197 797 2227 dilatatae
812 2197 948 2236 margine
963 2194 1140 2225 insidentes.

748 2286 818 2317 Dw.
842 2286 902 2316 III.
926 2287 953 2315 E
965 2284 1350 2316 ULACTUCACEAE.
1368 2284 1407 2314 Ὀ.
1431 2284 1469 2315 Η.
1493 2284 1617 2314 Schultz
1638 2284 1706 2325 Bip.
1730 2284 1798 2316 MS.

447 2353 588 2384 Achaenia
611 2352 888 2392 plano-compressa
910 2350 959 2380 vel
982 2356 1170 2390 tetraquetra
1181 2373 1188 2386 ,
1203 2349 1467 2390 longitudinaliter
1487 2351 1743 2381 striato-carinam
1753 2373 1761 2388 ,
1778 2351 1810 2380 in
1823 2357 1957 2380 rostrum
1971 2356 2139 2380 attenuata.

406 2421 503 2461 Puppi
514 2426 579 2449 setoe
594 2418 760 2456 inaequales,
776 2417 926 2447 distanter
939 2415 1032 2446 breve
1049 2415 1553 2446 antrorso-extrorso-denticulatae.

835 2506 904 2537 ΒΝ.
928 2505 982 2536 IV.
1005 2506 1260 2536 SONCHEAE.
1285 2505 1317 2534 C.
1341 2506 1378 2536 H.
1404 2505 1528 2535 Schultz
1548 2506 1615 2545 Bip.
1640 2505 1708 2535 MS.

446 2574 587 2605 Achaenia
609 2573 890 2613 plano-compressa
909 2569 958 2600 vel
977 2575 1176 2608 tetraquetra‚
1198 2568 1393 2600 suberostria.
1417 2569 1460 2608 pl.
1482 2571 1946 2610 rugoso-muricato-granulata.
1963 2572 2061 2611 Puppi
2073 2579 2137 2601 sctae

407 2640 573 2679 inaequales,
595 2636 735 2677 pluribus
756 2634 950 2665 crassioribus
971 2644 1081 2673 nempe
1106 2634 1214 2663 seriem
1234 2636 1388 2664 internam
1412 2635 1684 2673 constituentibus,
1709 2635 1853 2665 omnibus
1874 2635 2023 2666 distanter
2045 2635 2138 2666 breve

407 2699 908 2736 extrorso-antrorso-denticulatis
922 2698 970 2728 vel
984 2698 1248 2738 subsimplicibus,
1264 2698 1465 2737 mollissimis,
1479 2700 1582 2740 digitis
1595 2700 1836 2732 adhaerentibus.

776 2792 893 2821 Dtvxsm
915 2790 940 2821 Ι.
963 2791 1291 2821 LAMPSANEAE.
1316 2790 1350 2822 C.
1371 2791 1409 2821 H.
1433 2790 1567 2821 SCHULTZ
1588 2791 1672 2828 Bm,
1695 2791 1714 2822 l.
1742 2803 1768 2822 c.

448 2860 586 2891 Achaenia
600 2859 699 2895 calva,
715 2857 873 2888 articulate
888 2867 959 2886 cum
972 2857 1161 2896 receptaculo
1176 2856 1260 2887 nudo
1272 2857 1394 2896 juncta,
1409 2856 1699 2897 oblongo-cuneata,
1716 2856 1986 2897 compressiuscula
1997 2879 2006 2894 ,
2022 2856 2136 2897 glabra,

407 2924 673 2968 longitudinaliter
688 2923 801 2954 striata.
1082 2908 1094 2922 ”

929 3000 1321 3053 LAMPSANA.
1369 3001 1606 3055 DonoN.

464 3101 711 3148 CAP1TULUM
739 3097 1058 3144 multiflorum.
1079 3099 1426 3144 RECEPTACULUM
1456 3101 1649 3146 nudum.
1672 3101 1953 3144 INVOLUCRUM
1976 3105 2137 3142 ovato-
