2432 3969
1206 471 1346 516 (34)

422 571 470 600 cit,
488 576 594 600 eumque
612 568 712 593 incaute
728 570 828 592 secutus
843 568 879 591 est
896 565 1028 590 Prodromi
1050 564 1135 588 beatus
1150 566 1247 587 auctor.
1264 561 1320 586 Huc
1335 568 1433 592 quoque
1451 559 1533 591 potius
1549 558 1687 584 revocanda
1703 560 1740 582 est
1754 557 1836 587 figura
1848 556 1917 581 Sebae
1932 553 2046 579 informis
2058 559 2133 584 quam

422 628 452 651 ad
463 628 494 652 G.
508 627 686 652 Canariensem
700 625 777 649 refert
787 625 922 652 Linnaeus,
938 622 979 646 sed
1002 628 1082 651 neque
1099 627 1154 651 quae
1174 620 1206 644 sit
1228 621 1297 644 nosci
1314 618 1372 644 vere
1386 621 1483 650 potest,
1500 624 1546 642 nec
1567 617 1710 646 conjectore
1725 616 1828 646 dignum
1839 618 1877 639 est
1899 613 2012 643 aenigma.
2029 612 2137 644 Mysalva

422 686 531 714 plantam
548 687 659 709 nostram
672 682 792 707 insulanis
807 681 899 705 dictam
914 679 1001 704 scribit
1017 679 1187 704 Ptukenetius.

977 774 1265 805 EXPLICATIO
1294 774 1398 803 TAB.
1431 763 1502 811 50,
1533 757 1579 800 B.

477 890 505 910 1.
526 877 652 909 Ramus
669 872 821 908 ssoridus.
849 885 880 906 2.
908 870 1003 905 Idem
1027 869 1187 911 fructifer,
1209 867 1313 901 ambo
1340 865 1575 912 magnitudine
1596 863 1754 898 naturali.
1782 863 1917 908 Figurae
1941 872 2063 895 omnes
2083 871 2135 893 se-

422 958 565 997 quentes
592 946 825 995 magnitudine
849 952 955 980 auctae
981 951 1070 978 sunt.
1097 941 1131 976 3.
1158 942 1291 975 Folium
1320 952 1399 974 cum
1432 939 1575 987 stipulis.
1607 938 1642 983 4.
1676 936 1775 971 Rami
1798 935 1937 970 floriferi
1957 946 2041 980 apex
2074 933 2139 966 ala-

422 1023 544 1058 bastris
561 1021 705 1056 bracteis
720 1028 755 1054 et
780 1018 961 1053 bracteolis
979 1016 1090 1051 adhuc
1108 1016 1270 1049 munitus.
1291 1013 1326 1048 5.
1345 1013 1564 1047 Alabastrum
1589 1011 1742 1046 seorsum
1768 1009 1976 1044 delineatum
2003 1007 2139 1040 bractea

424 1097 600 1131 suffultum
620 1103 654 1129 et
669 1093 849 1128 bracteolis
867 1091 999 1126 duabus
1019 1089 1184 1136 oppositis
1203 1089 1419 1122 instructum.
1437 1086 1470 1120 6.
1488 1086 1577 1120 Flos.
1597 1098 1631 1132 7.
1651 1085 1769 1132 Calyx.
1787 1084 1821 1118 8.
1838 1082 1951 1116 Petala
1964 1081 2137 1128 explicata.

423 1185 456 1218 9.
474 1169 621 1205 Stamina
636 1167 797 1215 pistillum
815 1165 998 1210 innuptum
1015 1163 1046 1195 in
1069 1160 1317 1208 praessoratione
1335 1159 1491 1193 foventia.
1521 1170 1572 1192 10.
1596 1156 1723 1191 Eadem
1743 1155 1867 1192 adulta.
1894 1168 1904 1189 1
1920 1168 1929 1188 1
1956 1154 2134 1189 Pistillum.

429 1257 481 1278 12.
508 1241 705 1289 Leguminis
719 1239 812 1273 valva
836 1238 938 1271 latere
962 1236 1129 1269 exteriore
1147 1233 1227 1268 visa.
1252 1233 1306 1267 13.
1325 1231 1452 1266 Eadem
1470 1231 1656 1264 introrsum
1671 1231 1752 1264 visa.
1774 1230 1826 1273 14.
1842 1229 1960 1263 Valvae
1978 1239 2136 1275 segmen-

421 1327 493 1352 tum
509 1329 578 1350 var.
598 1330 618 1348 α
638 1312 810 1348 multoties
826 1318 975 1345 auctum.
1007 1307 1061 1342 15.
1083 1309 1305 1355 Segmentum
1321 1305 1425 1340 valvae
1445 1316 1513 1338 var.
1533 1305 1553 1348 β
1574 1305 1716 1351 sparsim
1741 1302 1976 1337 tuberculatae.
2004 1301 2058 1336 16.
2079 1302 2139 1335 Se-

424 1402 515 1424 men.
543 1401 596 1434 17.
614 1386 709 1421 Idem
729 1383 918 1418 transverse
930 1388 1059 1416 sectum
1078 1387 1115 1414 ut
1127 1386 1287 1426 appareat
1306 1378 1464 1425 embryo.

986 1476 1297 1528 TELINE.
1386 1474 1603 1525 MEDIC.

537 1594 675 1651 Cytisi
700 1607 801 1650 pars
817 1588 1032 1633 Tournef.
1055 1586 1216 1631 Lamk.
1239 1585 1436 1629 Genistae
1461 1599 1565 1641 pars
1590 1584 1725 1626 Linn.
1745 1580 1838 1626 DC.
1859 1580 2026 1639 Spartii

1157 1684 1259 1726 pars
1284 1667 1402 1711 Desf.

479 1772 627 1817 CALYx
655 1768 904 1813 herbaceus
930 1763 1573 1820 turbinato-campanulatus,
1604 1760 1855 1812 *2-labiatus,
1879 1760 2008 1805 labiis
2042 1761 2141 1804 tubi

427 1853 710 1912 longitudine
740 1857 820 1893 aut
851 1847 965 1891 tubo
994 1844 1381 1902 sublongioribus‚
1405 1843 1758 1900 subaequalibus‚
1781 1844 2007 1900 superiore
2036 1859 2142 1901 pro-

424 1937 566 1982 funde
590 1933 747 1986 2-fido‚
763 1930 975 1973 inferiore
998 1928 1119 1985 apice
1143 1926 1392 1969 3-dentato.
1411 1923 1612 1968 COROLLA
1633 1925 1934 1982 papilionacea
1949 1958 1958 1977 ‚
1975 1925 2142 1982 petalo-

427 2035 533 2064 rum
565 2015 795 2074 unguibus
826 2011 999 2057 liberis*
1024 2009 1242 2052 vexillum
1274 2021 1508 2063 assurgens
1533 2006 1604 2048 vel
1635 2006 1863 2059 clausum,
1889 2006 2142 2051 orbiculare

426 2103 499 2146 vel
520 2107 723 2148 ovatum,
741 2095 834 2139 basi
851 2093 963 2151 saepe
981 2092 1244 2143 cordatum,
1263 2089 1612 2146 unguiculatum
1625 2122 1634 2138 2
1651 2088 1730 2130 alae
1746 2095 1947 2144 angustae
1960 2122 1969 2138 ,
1987 2090 2140 2132 carina

428 2186 586 2229 obtusa
605 2217 614 2236 ‚
648 2180 720 2224 vel
772 2176 1085 2234 eymbiformis
1102 2209 1112 2224 ,
1151 2189 1258 2216 mox
1306 2172 1484 2215 deflexa.
1527 2170 1722 2213 smum
1763 2173 1814 2214 10
1832 2205 1842 2220 ,
1879 2171 2116 2229 1—adelpha
2131 2207 2141 2221 ,

428 2280 626 2325 quorum
651 2267 675 2306 5
703 2260 907 2304 breviora
935 2273 1014 2315 per
1040 2256 1253 2299 anthesin
1281 2254 1469 2298 demum
1502 2253 1718 2310 longiora.
1747 2252 1951 2296 OVARIUM
1977 2254 2143 2297 lineare

427 2360 758 2405 compressum,
787 2342 857 2385 vel
892 2340 1039 2383 rarius
1067 2337 1395 2386 lanceolatum„
1423 2335 1576 2379 sessile.
1609 2333 1772 2378 STYLUS
1807 2335 2031 2380 filiformis
2063 2344 2143 2379 aut

431 2429 623 2488 superne
639 2424 958 2485 planiusculusq
978 2428 1139 2472 rectus,
1156 2420 1278 2477 apice
1298 2419 1516 2461 incurvus
1527 2451 1537 2469 ,
1553 2417 1742 2460 demum
1759 2417 1786 2460 a
1801 2416 1895 2460 basi
1911 2417 2143 2474 sigmatoi—

429 2511 733 2556 deo-deflexus.
751 2505 917 2549 STIGMA
939 2503 1207 2561 papillatum
1220 2535 1229 2551 ,
1249 2507 1428 2543 rectum
1445 2500 1515 2542 vel
1542 2498 1813 2552 lituiforme‚
1831 2514 1956 2542 nunc
1973 2501 2141 2557 capita-

430 2603 554 2645 tum,
571 2605 698 2634 nunc
716 2587 979 2631 antrorsinn
1001 2584 1073 2627 vel
1090 2584 1343 2626 retrorsum
1359 2582 1528 2625 declive
1552 2584 1621 2633 (1).
1637 2582 1854 2624 LEGUMEN
1872 2580 2141 2638 oblongum„

430 2674 760 2723 abbreviatum,
777 2676 994 2718 erectum,
1010 2666 1456 2723 subcomplanatum‚
1474 2663 1531 2706 ad
1548 2664 1716 2707 semina
1735 2670 1959 2714 torosum2
1972 2665 2143 2708 suturis

429 2755 626 2801 nervosis
641 2753 712 2796 vel
729 2751 886 2810 planis„
906 2749 1027 2806 apice
1050 2747 1381 2803 3-angulatum‚
1399 2753 1601 2795 acutum,
1620 2749 1961 2803 2-8-spermum.
1977 2744 2143 2790 SEMINA

472 2926 512 2965 (1)
532 2923 634 2963 Stylus
654 2923 686 2951 in
704 2921 761 2950 hoc
775 2930 881 2959 genere
900 2926 930 2947 et
952 2918 1059 2956 stigma
1080 2915 1336 2944 luculentissimos
1358 2913 1553 2952 suppeditant
1575 2912 1770 2952 characteres,
1782 2915 1863 2944 uude
1882 2923 2011 2955 cognatae
2032 2917 2144 2955 species

429 2978 664 3015 distinguantur,
675 2975 691 3002 ὲ
709 2974 741 3002 Τ.
757 2971 868 3001 scilicet
880 2969 1035 2998 canariensi
1051 2970 1080 2998 T.
1095 2967 1294 3002 ramo-sissima,
1306 2967 1321 2994 ὲ
1336 2967 1369 2995 T.
1382 2966 1550 3003 madet-ensi,
1562 2968 1728 2996 canariensi‚
1740 2974 1770 2996 et
1781 2969 1980 3004 ramosissimd,
1996 2969 2028 2996 T.
2045 2969 2141 2996 canda-

429 3040 497 3058 cans
507 3051 514 3065 ,
524 3030 541 3057 ἐι
556 3029 588 3056 Τ.
607 3025 728 3065 ίὶηιγοίίᾶ
744 3026 777 3053 Τ.
792 3021 1019 3061 rosmarmg'folt'a.
