2432 3969
1036 487 1174 531 (19)

445 627 477 665 1.
519 622 800 665 PRUNUS
837 624 1102 674 (PADUS)
1136 625 1568 669 LUSITANICA.
1604 626 1755 668 LlNN.

298 732 333 763 P.
356 729 441 762 foliis
458 729 565 762 ovatis
582 736 639 762 aut
651 729 824 775 ellipticis,
839 730 931 775 apice
949 731 1144 773 attenuatis,
1159 731 1228 765 basi
1245 731 1433 766 rotundatis
1444 758 1452 774 ‚
1473 733 1763 766 crenato-serratis
1775 759 1783 775 ,
1799 732 1903 766 dorso
1923 741 1955 765 et

250 801 382 847 petiolis
395 801 644 848 eglandulosi53
660 802 800 836 racemis
814 802 896 836 folio
912 803 1135 849 longioribus,

288 873 504 902 Laurocerasus
518 872 688 902 Lusitanica
699 873 799 902 minor
817 872 934 902 Tourn.
952 874 1033 908 Dill„
1048 875 1130 904 Horz.
1145 875 1235 910 Eltlz„
1251 876 1301 904 vol.
1322 878 1349 909 1,
1371 886 1440 914 pag.
1458 876 1523 911 193,
1538 876 1591 903 [ab.
1610 876 1747 913 159‚fig.
1768 878 1831 905 193.

288 937 406 966 Prunus
421 937 589 966 lusitanica.
605 938 770 977 Lz'nn.,Sp.
790 938 849 974 Pl„
864 939 916 968 vol.
934 941 967 974 1,
982 950 1051 978 pag.
1069 939 1136 968 673.
1155 956 1194 961 —
1211 940 1300 973 leb,
1315 939 1371 974 Ic.,
1385 940 1438 968 tab.
1456 939 1594 978 196,fig.
1614 942 1638 968 1.
1668 957 1693 962 -
1711 941 1800 975 Brut„
1818 942 1862 970 Fl.
1890 942 1956 976 lium,

250 1002 299 1030 vol.
318 1003 353 1032 2,
365 1013 434 1040 pag,
449 1002 516 1030 252.
531 1018 570 1023 -
586 1002 621 1030 R.
642 1002 703 1037 ΒΛ,
719 1002 781 1030 Cat.
795 1003 834 1038 pl.
851 1001 947 1037 Mad„
964 1003 991 1030 ιή
1003 1002 1093 1038 Buch,
1107 1002 1197 1041 Phys.
1214 1002 1328 1030 Besclzr.
1350 1004 1418 1032 Can.
1437 1004 1494 1031 Ins.
1505 1026 1511 1038 ‚
1522 1014 1591 1042 pag.
1612 1004 1679 1031 107.

288 1064 408 1094 Prunus
419 1064 697 1103 multiglandulosa.
713 1065 780 1094 Cav.
801 1065 886 1094 Anal.
901 1065 987 1095 ct'enc.
1002 1073 1073 1102 nat„
1087 1067 1138 1094 vol.
1153 1066 1182 1102 3,
1192 1077 1261 1105 pag.
1279 1067 1328 1096 50.

288 1129 408 1157 Prunus
425 1129 511 1158 Hixa.
529 1130 659 1165 Brozcss.‚
674 1132 700 1157 ιἰι
715 1130 821 1160 le'lld.
835 1131 954 1165 Euam„
969 1131 1021 1160 vol.
1041 1132 1067 1166 l,
1078 1141 1147 1169 pag.
1161 1130 1231 1161 517,

288 1194 411 1222 Cerasus
424 1194 592 1224 lusitanica.
605 1195 695 1227 Lois.,
709 1195 737 1222 iu
750 1195 874 1224 Dulzam.
884 1217 891 1231 ‚
903 1195 945 1223 ed.
962 1207 1042 1231 nova,
1056 1197 1106 1225 vol.
1122 1196 1152 1230 5,
1163 1207 1233 1233 pag.
1251 1198 1278 1224 5.

288 1258 413 1287 Cerasus
427 1257 585 1287 lusitanica
602 1258 715 1297 βΗὶΧᾶ.
728 1259 860 1297 Seringe‚
877 1260 906 1286 in
921 1258 988 1287 DC.
1002 1259 1119 1295 Prodr.,
1135 1261 1185 1287 vol.
1200 1261 1218 1287 2
1229 1282 1235 1295 ,
1247 1271 1317 1298 pag.
1335 1260 1402 1289 540.

288 1322 413 1351 Cerasus
424 1322 510 1350 Hixa.
526 1323 613 1357 Nob„
627 1324 655 1350 ιἰι
667 1323 745 1350 t'c.—-
756 1323 864 1361 Spaclz‚
876 1323 969 1351 Saites
982 1325 1000 1351 ὰ
1013 1323 1103 1362 Buff,
1119 1324 1171 1352 vol.
1190 1325 1292 1362 l,pag.
1307 1324 1373 1353 419.

291 1387 371 1414 Ηιῖτα
382 1386 443 1414 sive
458 1385 537 1424 Hija.
552 1385 787 1415 Nivarieusium.

299 1453 381 1485 ΗΑΒ.
404 1452 442 1484 In
466 1451 546 1484 locis
567 1451 704 1485 excelsis
727 1453 873 1486 ventosis
889 1453 1060 1499 sylvarum
1079 1455 1265 1500 peninsulae
1281 1455 1458 1488 Teneriffae
1474 1455 1853 1497 boreali-occidentalis,
1868 1456 1953 1489 ultra

252 1535 341 1557 2000
354 1523 456 1569 pedes
469 1535 570 1568 super
584 1536 686 1557 mare.
707 1526 741 1557 In
758 1525 847 1570 sylva
867 1524 908 1559 de
924 1525 980 1559 las
1002 1525 1186 1561 [mercedes
1201 1527 1304 1561 arbor
1318 1526 1357 1560 fit
1377 1539 1479 1573 opaca
1494 1528 1559 1561 late
1574 1528 1735 1562 umbrosa
1751 1527 1810 1562 30-
1822 1529 1954 1561 circiter

251 1596 387 1644 pedalis.

295 1673 450 1705 Disrmss.
469 1681 573 1704 onoc.
597 1670 703 1716 Stirps
717 1670 1138 1714 Atlantico-occidentalis,
1163 1684 1240 1717 quze
1257 1674 1276 1706 a
1295 1673 1429 1707 Nivaria
1455 1686 1515 1720 per
1538 1673 1711 1707 Maderam
1741 1674 1897 1719 migravit
1920 1674 1950 1706 in

247 1742 440 1777 Juressum!
460 1750 493 1776 et
509 1742 564 1789 (ex
580 1741 737 1788 Brotero)
754 1743 970 1777 Herminium
987 1743 1181 1787 montibus,
1198 1745 1256 1779 ubi
1275 1745 1344 1779 sola
1360 1746 1392 1778 in
1409 1745 1580 1779 Lusitania
1598 1746 1762 1779 occurrit.

280 1815 341 1840 Ons.
362 1816 400 1840 Ad
415 1815 572 1841 dividendam
595 1816 830 1848 Amyqdatinearum
851 1816 940 1841 seriem
961 1817 1117 1842 characteres
1139 1818 1247 1843 technici
1266 1819 1364 1843 desunt.
1381 1819 1405 1843 Si
1418 1825 1506 1849 genera
1521 1822 1606 1844 autem
1617 1819 1716 1844 diversa
1731 1823 1802 1847 sunt,
1816 1819 1958 1850 quanquam

248 1873 412 1903 debilissima,
429 1875 593 1905 Amyqdalus,
611 1875 710 1898 Persica
721 1893 729 1903 ‚
745 1876 889 1898 Armeniaca
903 1894 908 1904 ,
925 1877 1038 1904 Prumcs,
1054 1875 1158 1899 Cerasus
1170 1894 1176 1904 ,
1188 1875 1218 1899 ad
1231 1876 1336 1899 honores
1351 1877 1478 1905 genericos
1490 1877 1634 1907 cooptandae
1651 1880 1709 1901 sunt
1722 1880 1746 1901 et
1761 1878 1940 1901 Microcerasus
1954 1897 1959 1906 ,

248 1932 311 1961 (quae
324 1933 354 1955 P.
369 1936 520 1961 prostratam
543 1933 631 1956 Labill.
649 1937 673 1957 et
689 1933 781 1963 species
793 1933 870 1957 socias
882 1933 985 1957 floribus
999 1933 1115 1958 solitariis
1131 1933 1207 1958 roseis
1221 1936 1276 1964 post
1292 1933 1349 1957 lolia
1364 1934 1555 1964 erumpentibus
1565 1953 1571 1963 ,
1587 1934 1678 1964 calycis
1695 1933 1776 1959 forma
1786 1954 1792 1964 ‚
1807 1935 1954 1966 stipulisque

247 1989 437 2018 persistentibus
454 1990 588 2019 notabiles,
600 1991 771 2021 amplectitur,
785 1997 895 2021 quasque
910 1989 923 2015 a
941 1992 1036 2015 Cerasis
1048 1990 1150 2022 reliquis
1164 1992 1215 2021 jam
1226 1991 1367 2016 dissociavit
1379 1994 1404 2015 et
1419 1998 1465 2022 pro
1478 1993 1588 2016 sectione
1600 1993 1697 2022 generis
1715 1992 1805 2023 quarta
1823 1993 1911 2016 habuit
1924 1994 1955 2017 cl.

247 2047 335 2076 Spacb.
355 2046 458 2071 Saites&
469 2047 549 2079 Buff.,
568 2048 616 2071 vol.
631 2050 660 2077 1,
676 2055 736 2079 pay.
748 2049 806 2081 423)
823 2052 847 2073 et
871 2049 963 2077 Padus,
975 2049 1047 2078 quus
1063 2048 1138 2073 sectio
1154 2048 1257 2078 insignis
1277 2050 1455 2072 Laurocerasus
1474 2049 1617 2078 regionibus
1632 2049 1718 2073 calidis
1732 2051 1821 2079 aptior.
1837 2051 1957 2074 Praenun-

249 2105 288 2127 tiae
306 2105 360 2132 ejus
375 2106 399 2127 in
414 2105 540 2135 Europam
560 2109 634 2136 atque
651 2106 735 2130 Asiam
749 2107 874 2131 borealem
892 2107 985 2136 species
999 2106 1052 2129 duae
1067 2109 1196 2130 anteeunt.

282 2160 368 2184 Nullas
385 2163 450 2185 inter
468 2162 578 2192 plantam
601 2163 770 2187 Lusitanicam
783 2167 807 2188 et
822 2163 999 2188 Canariensem
1011 2162 1165 2187 differentias
1181 2162 1304 2191 vidimus,
1321 2163 1369 2187 nisi
1397 2164 1501 2193 hujusce
1526 2165 1557 2187 ob
1580 2164 1635 2188 coeti
1658 2166 1803 2194 temperiem
1828 2165 1957 2194 solumque

248 2218 349 2241 uberius
374 2220 484 2248 partium
504 2220 641 2250 amplitudo
666 2224 748 2244 aucta.
772 2220 901 2244 Glandulae
915 2225 997 2249 parvae
1019 2218 1185 2249 inconspicua}
1200 2225 1244 2249 per
1257 2219 1371 2249 paginam
1384 2219 1498 2244 soliorum
1516 2221 1669 2251 superiorem
1684 2222 1691 2251 (
1704 2221 1796 2252 quibus
1811 2222 1957 2246 cadentibus

249 2277 333 2306 postea
347 2277 502 2301 cicatricibus
514 2278 693 2307 perforantur),
708 2280 733 2302 in
749 2278 890 2306 serraturis,
908 2281 932 2302 et
944 2279 969 2301 in
981 2278 1064 2309 calyce
1075 2276 1209 2307 aliquando
1224 2282 1372 2307 occurrunt,
1383 2279 1471 2302 desunt
1481 2281 1564 2303 tamen
1574 2280 1676 2303 omnino
1688 2280 1808 2309 glandulae
1821 2282 1957 2304 Prunorum

249 2337 377 2360 normales,

765 2442 1081 2472 EXPLICATIO
1111 2442 1214 2472 TAB.
1246 2444 1446 2472 XXXVIII.

782 2534 1089 2581 (CERASUS
1114 2534 1273 2570 HJXA.
1312 2536 1423 2583 Non.)

304 2633 332 2653 1.
358 2622 485 2654 Ramus
497 2620 639 2655 floridus
656 2628 689 2654 et
704 2620 855 2654 fructifer
866 2619 1101 2667 magnitudine
1122 2620 1276 2654 naturali.
1298 2633 1330 2654 2.
1353 2621 1486 2655 Folium
1503 2634 1580 2656 cum
1601 2621 1771 2668 glandulis
1789 2622 1954 2668 magnitu-

250 2692 328 2726 dine
346 2693 500 2727 naturali.
520 2693 555 2728 3.
573 2694 678 2741 Calyx
704 2705 781 2728 cum
811 2693 1034 2740 sequentibus
1051 2694 1285 2740 magnitudine
1302 2702 1429 2730 auctus.
1449 2695 1483 2739 4.
1502 2695 1697 2730 Petalorum
1717 2703 1750 2730 et
1769 2696 1953 2730 staminum

251 2765 429 2812 dispositio
448 2766 562 2800 ovario
578 2767 705 2801 avulso.
734 2766 767 2800 5.
795 2766 960 2801 Petalum.
988 2766 1021 2801 6.
1038 2766 1226 2801 staminum
1246 2767 1344 2802 ordo.
1367 2781 1399 2814 7.
1419 2767 1565 2802 Anthera
1580 2769 1709 2815 postice
1725 2770 1808 2803 visa.
1827 2769 1861 2802 8.
1885 2770 1955 2802 Ea-

250 2837 328 2871 dem
345 2838 450 2871 antice
467 2838 546 2872 visa.
571 2851 604 2883 9.
621 2839 800 2873 Ovarium.
829 2850 882 2873 10.
904 2841 1059 2873 Fructus.
