2432 3969
1049 511 1185 554 (55)

256 598 396 640 Palmae,
433 599 462 630 in
494 598 671 631 Tenerisfae
703 599 911 632 convallibus
935 598 1200 632 occidentalibus
1232 601 1342 634 Sancti
1377 601 1508 643 Jacobi,
1542 602 1673 644 Mascae,
1706 601 1764 635 del
1803 602 1968 645 Cat-isal,

254 671 413 716 aliisque,
435 671 465 703 in
487 673 688 705 Lancerotta
706 672 747 704 ad
769 672 934 718 piscinas;
959 679 990 704 et
1012 683 1050 704 ex
1077 671 1119 704 cl,
1144 672 1339 717 Despreaux
1363 673 1392 704 in
1421 673 1527 705 insula
1547 674 1695 706 Gomera
1725 674 1797 707 {oco
1818 674 1909 708 (licto
1934 676 1969 708 la

254 742 359 787 Hora
375 742 434 777 del
451 743 581 778 Cedro.

303 818 456 849 Dis'rniss.
483 827 607 850 Gssocr..
633 816 766 861 Species
787 823 835 849 est
855 827 932 848 vcra
950 815 1173 848 Canaricnsis.

294 887 413 915 FRurEx
426 895 554 924 erectus,
570 888 791 916 ramosissimus
802 908 810 921 ‚
827 886 1045 925 5-10-pedalis.
1063 886 1143 915 Ranu
1159 886 1340 925 cylindraeei
1352 909 1360 923 ‚
1373 888 1482 916 cinerei
1494 910 1500 923 ,
1517 890 1614 917 striati
1627 912 1634 925 ,
1646 889 1740 927 glabri
1752 913 1757 924 ‚
1772 892 1855 929 apice
1866 892 1973 920 obtuse

254 959 432 991 pungentes,
448 952 529 991 ligno
544 952 632 987 duro,
649 951 770 988 fibroso,
784 951 893 991 fragili,
909 952 1040 990 juniores
1054 953 1233 981 virescentes
1243 974 1250 988 ,
1266 951 1341 981 lenti
1354 974 1361 988 ,
1378 953 1512 990 supremi
1527 954 1836 984 curvato-dichotomi
1848 978 1855 991 ,
1869 956 1974 985 filifor-

254 1028 328 1054 mes,
344 1017 424 1047 villis
434 1017 588 1053 brevibus,
601 1016 792 1055 simplicibus
801 1040 808 1053 ,
821 1017 946 1046 ciuereis
956 1039 962 1051 ‚
975 1017 1122 1055 appressis
1134 1038 1140 1052 ,
1159 1015 1374 1054 pubescentes,
1390 1017 1472 1055 apice
1487 1019 1615 1055 sparsim
1631 1018 1736 1047 foliosi.
1752 1021 1881 1048 Srianffi
1892 1021 1973 1058 apice

254 1082 365 1118 liberae,
377 1081 684 1117 lineari-lanceolam,
696 1088 802 1117 acutae,
813 1081 876 1110 basi
886 1092 955 1110 cum
967 1081 1087 1120 petiolis
1099 1080 1276 1119 pulvinulos
1287 1087 1426 1120 angustos
1436 1081 1606 1111 efficientes.
1617 1082 1708 1111 Fom
1725 1082 1864 1119 l-foliata,
1875 1094 1975 1113 ascen-

251 1145 364 1180 dentia,
378 1146 480 1175 soliolo
492 1145 749 1185 subcylindraceo,
763 1146 838 1176 facie
853 1147 1006 1185 superiore
1021 1146 1231 1182 canaliculato,
1247 1148 1331 1185 apice
1345 1154 1433 1176 acuto
1444 1169 1451 1183 ,
1465 1147 1638 1176 merithallo
1654 1147 1788 1187 longiore
1799 1171 1806 1184 ,
1819 1149 1889 1187 pilis
1904 1151 1974 1178 sim-

252 1210 380 1247 plicibus
391 1233 398 1247 ,
412 1211 535 1239 cinereis
546 1233 553 1247 ,
570 1211 802 1240 ascendentibus
814 1234 821 1247 ,
837 1214 985 1250 appressis
996 1234 1003 1248 ,
1016 1212 1123 1247 acutis,
1140 1211 1230 1240 dense
1246 1210 1397 1249 puberulo
1409 1233 1416 1246 ‚
1435 1218 1468 1240 ut
1485 1212 1620 1249 primum
1632 1212 1754 1241 caduco.
1769 1212 1883 1242 Fconsss
1901 1214 1973 1249 albi⁷

252 1274 351 1303 vexilli
372 1274 456 1303 fauce
471 1275 549 1303 linea
565 1275 662 1311 fusca,
679 1277 867 1314 interrupta,
888 1275 991 1305 lunata
1011 1282 1130 1311 notata,
1148 1276 1270 1313 spicati,
1287 1276 1374 1314 spicis
1388 1274 1533 1304 brevibus
1547 1275 1695 1314 aphyllis,
1711 1277 1727 1304 ὲ
1742 1276 1973 1315 pulvinuloruni

250 1338 347 1367 axillis
362 1339 583 1377 prodeuntibus
594 1363 601 1375 ,
614 1350 684 1368 cuin
705 1339 808 1369 fructu
823 1339 946 1368 demum
959 1340 1096 1376 caducis,
1112 1339 1278 1369 3-10—ssoris
1290 1361 1297 1373 ,
1312 1339 1452 1368 solitariis
1463 1361 1470 1372 ,
1485 1339 1531 1368 vel
1542 1341 1591 1369 2-:3
1606 1350 1641 1368 ex
1656 1340 1761 1369 eadem
1777 1341 1881 1377 axilla,
1896 1344 1975 1380 prin.

251 1403 329 1440 cipio
349 1405 424 1442 saepi:
443 1404 587 1439 incurvis,
606 1414 675 1432 mox
695 1405 816 1439 erectis,
833 1404 915 1433 rachi
935 1405 1103 1442 compressa
1116 1427 1123 1440 ,
1143 1403 1324 1441 subancipiti
1338 1426 1345 1438 ‚
1359 1403 1572 1440 canabeulaffl,
1589 1404 1780 1442 pubescente.
1804 1405 1974 1435 Pmmncum

252 1468 457 1504 ascendentes,
470 1468 651 1505 brevissimi,
668 1469 871 1507 irregulariter
886 1469 1006 1506 alterni,
1022 1469 1216 1505 subcolorati,
1228 1468 1425 1507 pubescentes
1436 1491 1443 1504 ,
1458 1468 1521 1497 basi
1533 1468 1696 1504 bracteam,
1713 1471 1796 1507 apice
1811 1471 1974 1500 2-b1·acte0-

253 1533 317 1569 lati,
333 1533 460 1562 bracteis
475 1533 695 1572 bracteolisque
707 1533 885 1572 spathaceis‚
898 1533 1043 1573 hyalinis,
1060 1535 1147 1563 extus
1162 1533 1409 1572 pubescentibus,
1425 1535 1521 1562 ovatis
1537 1533 1706 1570 subacutis‚
1723 1537 1859 1564 concavis
1873 1559 1879 1571 ‚
1893 1548 1973 1565 inar-

251 1597 319 1634 gine
334 1595 451 1632 ciliatis,
462 1595 620 1624 bracteolis
630 1596 691 1624 late
706 1597 814 1632 ovans,
828 1596 992 1633 sessilibus,
1006 1599 1089 1636 apice
1105 1598 1278 1627 attenuatis.
1295 1598 1388 1626 CAer
1404 1599 1834 1638 ventricoso-canipanulatus,
1851 1600 1975 1639 subspa-

252 1661 374 1690 thaceus
385 1683 392 1696 ,
410 1661 574 1696 virescens,
587 1661 669 1698 apice
684 1661 733 1689 vix
749 1660 898 1690 coloratus
908 1684 915 1697 ‚
935 1661 1048 1701 glaber,
1069 1662 1302 1692 sub-2—labiatus
1313 1685 1320 1698 ,
1336 1663 1417 1692 labio
1432 1664 1585 1701 superiore
1601 1664 1649 1692 vix
1665 1664 1704 1692 ad
1726 1664 1861 1693 inedium
1881 1668 1975 1704 usque

252 1727 329 1762 lisso,
345 1725 488 1754 dentibus
500 1725 584 1761 latis,
599 1724 873 1754 rotundato-ovans
885 1748 891 1762 ,
907 1727 991 1764 apice
1006 1726 1130 1765 abrupte
1144 1728 1174 1755 in
1185 1727 1341 1765 apiculum
1353 1727 1598 1756 obtusiusculuin
1612 1730 1779 1758 attenuatis
1790 1752 1798 1766 ,
1811 1729 1891 1759 labio
1903 1731 1976 1760 infe-

249 1792 325 1819 riore
339 1797 478 1828 angusto,
491 1789 668 1818 brevissime
683 1789 852 1826 3-dentat0,
864 1789 1007 1819 dentibus
1022 1792 1098 1829 saepe
1113 1791 1326 1828 subobsoletis,
1342 1791 1483 1821 ciliolato.
1499 1792 1630 1821 Conona
1642 1793 1846 1831 papilionacea
1856 1817 1863 1830 ,
1880 1796 1974 1824 vexil-

248 1854 313 1883 lum
325 1853 641 1890 obcordato-ovatum,
653 1855 736 1892 apice
747 1860 916 1890 crenatum,
930 1854 1018 1883 dorso
1029 1854 1067 1883 ad
1080 1865 1209 1883 nervum
1227 1855 1363 1884 medium
1377 1855 1483 1885 leviter
1495 1856 1663 1894 hirsutum,
1677 1858 1826 1895 ciliatum,
1842 1859 1974 1890 breviter

249 1919 492 1958 unguiculatum,
504 1929 604 1958 ungue
619 1919 726 1955 libero,
742 1919 804 1948 basi
821 1920 983 1948 incrassato
997 1933 1002 1953 ;
1018 1919 1070 1948 alae
1081 1919 1416 1958 elongato-lanceolam,
1432 1922 1515 1959 apice
1532 1923 1738 1960 acutiusculae,
1749 1925 1836 1954 extus
1849 1925 1973 1954 subhir-

248 1991 321 2014 sutae
332 2007 338 2019 ‚
352 1984 475 2020 ciliatae,
490 1991 559 2013 ante
575 1993 708 2022 unguem
726 1984 821 2022 usque
836 1983 873 2012 ad
890 1982 1027 2012 inedium
1046 1982 1165 2011 latninae
1185 1983 1312 2021 pulchre
1328 1984 1657 2025 plicatulato-crispulae
1668 2010 1675 2023 ,
1690 1989 1842 2028 unguibus
1856 1990 1893 2019 ad
1912 2002 1973 2019 ine-

249 2049 335 2077 dium
352 2049 448 2087 usque
463 2058 533 2076 cum
549 2049 716 2076 staminum
728 2048 833 2086 vagina
852 2048 1002 2078 connexis.
1017 2047 1124 2076 Carum
1144 2047 1333 2086 longitudine
1352 2049 1467 2078 alarum
1481 2073 1487 2085 ,
1504 2058 1584 2080 recta
1595 2073 1602 2086 ,
1621 2053 1823 2090 acutiuscula,
1841 2056 1925 2093 apice
1943 2064 1972 2084 et

249 2113 349 2141 medio
360 2112 490 2148 hirsuta,
504 2111 624 2140 laminis
635 2119 704 2140 ante
716 2121 831 2150 ungues
845 2112 966 2140 saccatis
978 2134 984 2147 ,
1002 2111 1155 2150 unguibus
1166 2112 1205 2141 ad
1219 2112 1358 2142 medium
1370 2116 1466 2152 usqu'e
1477 2126 1547 2143 cum
1561 2117 1727 2145 staminum
1744 2120 1849 2157 vagina
1861 2130 1972 2148 conna-

250 2178 296 2205 tis.
312 2176 441 2205 smum
457 2178 505 2211 10,
521 2177 623 2204 onmia
636 2177 666 2203 in
681 2176 819 2214 vaginam
831 2174 997 2204 lateraliter
1007 2186 1219 2214 compressam,
1233 2179 1322 2215 supra
1333 2185 1465 2214 acutam,
1478 2179 1596 2216 coalita,
1609 2181 1627 2209 5
1640 2182 1670 2209 in
1682 2181 1899 2219 praefloratione
1907 2183 1971 2211 bre-

249 2243 331 2270 viora
347 2250 400 2277 per
414 2240 554 2269 anthesin
576 2240 710 2279 longiora
724 2240 857 2269 antheris
879 2240 1049 2269 minoribus
1068 2240 1364 2279 orbiculato-ovantis,
1378 2242 1441 2272 basi
1461 2245 1608 2283 sagittatis
1620 2269 1626 2280 ,
1644 2247 1745 2275 medio
1757 2248 1869 2284 affixis,
1890 2250 1972 2287 apice

247 2305 436 2341 acuminatis,
449 2306 466 2333 5
483 2306 512 2333 in
528 2304 748 2342 praessoratione
762 2304 949 2343 longioribus
964 2316 1016 2343 per
1028 2305 1168 2334 anthesin
1182 2305 1384 2343 brevioribus,
1397 2307 1533 2337 antheris
1546 2309 1722 2347 majoribus,
1740 2311 1877 2350 oblongis
1888 2334 1898 2349 ,
1909 2313 1970 2342 basi

246 2370 341 2399 affixis
353 2393 360 2407 ,
373 2370 456 2408 apice
474 2370 641 2408 angustatis
652 2392 658 2404 ‚
677 2370 808 2398 niuticis.
824 2369 961 2399 Ovamun
978 2370 1149 2409 ellipticum
1163 2394 1170 2406 ,
1188 2371 1234 2400 vel
1251 2371 1434 2401 subovatum
1449 2395 1456 2408 ,
1468 2373 1671 2404 2-ovulatum.
1688 2374 1792 2404 snmus
1804 2376 1970 2415 elongatus,

247 2434 349 2464 leviter
361 2435 517 2469 incurvus,
528 2433 592 2462 basi
608 2443 727 2472 anceps,
739 2434 822 2472 apice
835 2433 995 2465 filiformis.
1011 2434 1118 2463 SrieMA
1133 2435 1342 2474 globulosum,
1355 2437 1455 2465 exacte
1468 2438 1633 2475 capitatum
1642 2461 1649 2474 ‚
1668 2439 1858 2477 papillosuni.
1874 2442 1975 2471 Liscu-

248 2510 308 2528 ›ffln
321 2499 545 2538 sphaeroideum
561 2499 608 2528 vel
620 2499 802 2528 subovatuin
813 2522 820 2535 ,
837 2507 1050 2529 mut-renatum
1064 2500 1111 2529 vel
1124 2502 1274 2529 muticum
1288 2524 1294 2537 ‚
1306 2501 1377 2530 laeve
1391 2502 1438 2531 vel
1450 2502 1653 2542 suhrugosum
1666 2527 1672 2539 ‚
1682 2504 1799 2534 luteum
1812 2528 1819 2541 ,
1836 2506 1972 2536 indehis-

246 2574 332 2598 cens,
346 2563 393 2593 vel
414 2563 451 2592 ad
466 2570 604 2592 suturam
624 2563 807 2602 superiorem
828 2563 1078 2593 subincrassatam
1099 2564 1215 2594 tardius
1232 2565 1406 2602 dehiscens,
1422 2569 1653 2606 1-2-spermum.
1677 2561 1781 2599 Seni-:N
1804 2571 1971 2601 orbiculare

247 2634 371 2656 ovatum
382 2627 429 2656 vel
444 2627 682 2662 subreniforme‚
695 2628 840 2656 citrinum
852 2651 859 2663 ,
873 2629 1119 2658 ecarunculatum
1132 2652 1139 2665 ‚
1153 2630 1215 2659 hilo
1231 2641 1339 2669 magno
1351 2654 1357 2665 ‚
1375 2632 1528 2670 profundo
1539 2655 1546 2668 ,
1562 2633 1707 2671 sphaerico
1720 2657 1726 2670 ‚
1738 2637 1754 2663 a
1770 2636 1970 2675 microphylla

246 2692 460 2721 remotiusculo
472 2715 479 2728 ,
495 2694 569 2731 saepe
589 2692 760 2732 porphyreo
773 2715 780 2729 ,
794 2693 841 2722 vel
853 2694 1019 2722 concolor-e.
1035 2694 1153 2723 Emmuo
1165 2695 1326 2734 chlamyde
1341 2698 1528 2735 perisperino
1540 2698 1707 2728 subcorneo
1719 2699 1826 2729 induta
1840 2700 1968 2730 clausus.

245 2757 449 2785 Corrmsnonns
461 2756 607 2796 oblongae‚
624 2758 767 2797 utrinque
782 2758 906 2787 obtusae.
922 2758 1066 2788 RAmcULi
1079 2770 1174 2789 crassa
1188 2783 1194 2795 ‚
1207 2760 1439 2799 cotyledonihus
1455 2762 1584 2791 dimidio
1595 2762 1723 2793 brevior.

279 2824 340 2846 Oris.
358 2823 485 2846 Summam
500 2822 586 2853 stirpis
601 2826 692 2847 nostrae
707 2831 765 2848 cum
782 2825 930 2848 ConvoIvulo
951 2826 1062 2855 scopario
1086 2825 1258 2856 (Rhodorhiza
1277 2827 1388 2857 scoparia
1412 2828 1493 2852 Webb
1518 2828 1542 2851 in
1568 2828 1652 2853 Lindl.
1669 2830 1722 2854 Bot.
1743 2838 1794 2861 reg.
1820 2834 1877 2856 1841
1898 2835 1967 2857 misr.

247 2888 301 2911 pag.
315 2882 363 2911 69)
378 2880 570 2905 similitudinem
583 2882 683 2906 nomine
699 2883 813 2912 specifico
828 2883 960 2908 ostendere
969 2884 1104 2912 voluimus,
1118 2891 1172 2914 quae
1186 2883 1250 2915 saepe
1262 2888 1330 2909 tanta
1347 2889 1384 2910 est
1398 2889 1426 2909 ut
1443 2886 1483 2909 vix
1498 2886 1618 2917 distingui
1634 2889 1721 2918 possit.

280 2936 351 2962 Ultra
373 2939 435 2962 hanc
461 2940 569 2968 speciem
593 2942 617 2963 et
639 2939 667 2964 R.
688 2940 886 2970 sphaerocarpam
911 2941 991 2965 Boiss
1014 2941 1173 2970 ssavissoram,
1200 2941 1278 2970 hujus
1302 2944 1401 2972 generis
1424 2947 1482 2968 sunt
1502 2944 1668 2976 sectionisque
1690 2947 1858 2973 albissorarum
1877 2951 1970 2980 species

246 2998 260 3019 :1
273 2997 413 3027 sequentes.
