2432 3969
1205 500 1344 545 (44)

420 592 508 620 acute
521 591 661 619 carinata.
680 589 823 619 OvAmuM
838 589 1158 626 lanceolam-ovatum,
1175 589 1498 628 compressiusculum,
1512 589 1657 628 utrinque
1668 587 1740 627 pilis
1754 588 1902 626 appressis
1915 588 2050 618 minimis
2063 598 2135 618 con-

420 663 556 691 spersum
567 675 575 689 ‚
591 654 695 681 sutura
709 652 862 690 superiore
874 651 944 690 pilis
954 652 1050 691 longis
1061 675 1069 689 ‚
1080 652 1210 692 hyalinis
1219 675 1226 689 ,
1242 653 1392 683 subulatis
1404 677 1411 690 ⁷
1428 654 1546 682 crinita.
1564 652 1668 681 SrrLus
1678 651 1743 680 basi
1757 661 1864 691 anceps
1875 674 1882 688 ,
1893 652 1986 682 ovarii
2001 652 2135 682 crinibus

418 717 599 746 continuatis
614 717 740 755 superne
754 716 815 745 fere
826 715 865 745 ad
875 716 1014 746 medium
1033 718 1130 756 usque
1141 717 1260 746 ciliatus
1273 740 1280 754 ‚
1295 718 1396 748 versus
1414 719 1531 757 apicem
1551 717 1702 746 filiformis
1713 739 1720 752 ‚
1733 716 1935 746 subdilatatus
1946 740 1954 754 ,
1969 718 2052 755 apice
2064 717 2133 746 litui

414 781 505 810 modo
518 782 681 810 retrorsum
695 782 828 811 reflexus.
847 783 956 812 SrmMA
971 784 1178 820 retroflexum,
1194 784 1361 813 retrorsum
1378 783 1506 813 declive.

1000 919 1298 949 EXPLmATio
1329 919 1389 948 TA
1400 921 1435 948 B.
1470 910 1536 948 44.

468 1023 496 1044 1.
516 1013 645 1045 Ramus
674 1011 816 1046 floridus
841 1012 1076 1058 magnitudine
1103 1013 1259 1046 naturali.
1290 1013 1423 1056 Figurre
1450 1025 1570 1047 omnes
1599 1012 1740 1058 reliquae
1765 1010 1998 1058 magnitudine
2025 1019 2131 1044 auctae

415 1091 507 1118 sunt.
530 1096 563 1118 2.
585 1084 720 1118 Ramuli
745 1092 980 1131 segmentum,
1001 1093 1037 1118 ut
1053 1097 1136 1131 apex
1162 1084 1233 1130 ejus
1255 1084 1409 1118 videatur
1421 1093 1455 1118 et
1471 1084 1627 1118 foliorum
1646 1084 1808 1130 positura.
1833 1083 1866 1118 3.
1888 1083 2022 1117 Folium
2036 1094 2130 1116 ramo

417 1156 565 1191 insidens
577 1158 596 1190 a
609 1157 714 1191 dorso
732 1157 840 1191 visum
856 1165 893 1191 ut
915 1166 1100 1205 appareant
1120 1171 1144 1191 α
1163 1157 1281 1204 petioli
1299 1165 1331 1191 et
1347 1156 1393 1191 bb
1407 1158 1608 1204 stipularum
1625 1157 1829 1191 rudimenta.
1848 1157 1882 1201 4.
1907 1157 2002 1190 Rami
2020 1156 2131 1190 nodus

413 1230 625 1276 pulvinulum
640 1230 834 1264 foliolorum
851 1243 875 1264 α
891 1237 925 1263 et
943 1230 1144 1276 stipularum
1169 1229 1444 1264 rudimentalium
1464 1228 1485 1262 b
1505 1229 1705 1263 cicatriculis
1727 1235 1882 1264 notatum
1895 1255 1904 1272 ‚
1917 1238 1951 1264 et
1973 1230 2129 1263 culcitam

406 1302 577 1348 juniorem
596 1314 635 1345 c,
649 1302 844 1336 ostendens.
868 1303 901 1337 5.
927 1302 1022 1336 Idem
1039 1303 1123 1336 rami
1143 1309 1241 1336 aetate
1265 1303 1488 1349 provectioris
1513 1314 1591 1336 cum
1614 1302 1791 1348 pulvinulo
1808 1314 1832 1336 a
1849 1310 1883 1336 et
1901 1303 2020 1336 culcita
2039 1301 2074 1336 b.
2092 1303 2127 1336 6.

410 1374 495 1408 Folii
519 1374 649 1421 paginae
671 1374 856 1421 superioris
879 1374 1107 1421 fragmentum
1136 1374 1326 1420 multopere
1346 1382 1484 1408 auctum
1506 1381 1544 1407 ut
1567 1374 1714 1420 pilorum
1730 1373 1837 1408 forma
1855 1374 2069 1409 exhibeatur.
2092 1389 2126 1421 7.

409 1447 549 1481 Florum
575 1446 736 1481 umbella.
759 1448 792 1481 8.
819 1447 936 1494 Calyx.
957 1459 990 1493 9.
1007 1447 1132 1480 Petala.
1159 1459 1212 1480 10.
1240 1447 1430 1480 staminum
1454 1447 1487 1480 in
1511 1447 1764 1494 praessoratione
1787 1446 1942 1494 adelphia
1966 1447 2128 1494 pistillum

409 1520 526 1555 fovens
545 1527 582 1554 ut
603 1528 763 1567 appareat
776 1519 995 1553 anthei-arum
1013 1519 1088 1566 styli
1107 1527 1140 1552 et
1162 1519 1328 1566 stigmatis
1347 1518 1492 1565 junioris
1512 1519 1634 1553 forma.
1661 1533 1715 1553 11.
1737 1520 1833 1555 Idem
1849 1523 1984 1568 peracta
1997 1520 2128 1555 anthesi

406 1594 607 1629 staminibus
623 1593 812 1628 minoribus
831 1593 897 1638 jam
921 1593 1008 1627 ultra
1031 1592 1158 1639 majora
1176 1592 1352 1639 porrectis.
1378 1604 1429 1625 12.
1458 1591 1538 1639 styli
1557 1604 1641 1638 apex
1663 1605 1742 1627 cum
1773 1593 1930 1640 stigmate
1954 1593 2128 1628 multoties

406 1676 535 1702 auctus.
559 1665 612 1701 13.
627 1666 788 1700 Ovarium
803 1677 881 1699 eum
900 1664 988 1712 stylo
1009 1672 1043 1698 et
1057 1665 1212 1711 stigmate
1230 1665 1344 1699 effeto.

871 1823 1195 1909 CYTIsUs
1276 1860 1502 1910 MEmc.
1547 1862 1649 1928 (1).

463 1993 601 2050 Cytisi
621 2008 733 2050 pars.
753 1992 886 2035 Linn.
906 2017 959 2023 ——
976 1992 1201 2049 Viborgia.
1228 1993 1430 2037 Moench.
1449 2019 1503 2024 —
1519 1993 1656 2051 Cytisi
1673 1994 1785 2038 Sect.
1809 1994 1848 2036 T
1851 1994 2123 2051 ubocytisus.

405 2075 496 2120 DC.

445 2275 485 2308 (1)
506 2271 551 2300 De
566 2270 660 2310 Cytisi
675 2270 801 2298 essentia
813 2268 862 2298 vel
876 2269 898 2298 si
911 2268 1009 2298 dicere
1025 2269 1069 2298 fas
1087 2277 1143 2306 est,
1157 2271 1312 2309 quirlditate
1323 2293 1330 2307 ,
1346 2270 1465 2299 licitum
1477 2277 1521 2299 est
1536 2270 1699 2309 disputare.
1713 2270 1861 2308 Quisnam
1878 2280 1968 2300 verus
1984 2270 2123 2310 Cytisus?

404 2325 510 2364 Cujani
534 2324 563 2352 in
584 2322 633 2351 his
651 2322 863 2351 botanicorum
886 2320 1019 2350 dumetis
1038 2331 1202 2361 sequamur
1220 2323 1428 2352 sententiam?
1446 2323 1559 2360 Cylz'sus
1578 2322 1779 2359 Dioscoridis,
1800 2324 1845 2351 uti
1865 2332 1937 2351 mox
1958 2323 2122 2361 exposituri

405 2387 520 2412 sumus,
533 2375 682 2414 Medicago
696 2382 759 2403 erat
770 2374 884 2402 arborea
896 2373 928 2402 L.
937 2395 944 2409 ‚
955 2380 1051 2411 poetae
1062 2380 1164 2402 autem
1177 2380 1206 2402 et
1218 2373 1326 2413 vulgus
1340 2385 1410 2403 cuin
1426 2375 1459 2403 eei
1473 2374 1545 2404 alias
1560 2374 1763 2414 proculdubio
1776 2373 2003 2403 confundebant
2017 2374 2118 2403 arbus-

404 2430 485 2459 culas
499 2427 725 2468 leguminiseras
736 2449 743 2462 ‚
755 2426 905 2464 Medicago
919 2426 1001 2454 enim
1016 2426 1047 2454 in
1062 2425 1174 2454 Graeeia
1189 2432 1219 2455 et
1233 2426 1319 2455 Italia
1334 2428 1440 2462 rarior,
1460 2429 1572 2466 (Misus
1584 2426 1727 2456 erunibus
1741 2434 1804 2455 erat
1823 2427 2009 2455 notissimus.
2027 2426 2121 2454 Medii

403 2484 456 2512 aevi
469 2480 626 2521 phytologi
641 2479 742 2518 plures
762 2478 856 2517 Qrtiso
870 2477 1051 2506 Dioscoridis
1064 2477 1247 2507 addiderunt
1259 2479 1371 2517 species
1381 2501 1390 2515 ,
1405 2489 1513 2518 eosque
1526 2486 1645 2508 secutus
1655 2479 1889 2508 Tournefortius
1899 2477 1960 2506 huc
1979 2488 2100 2517 quoque
2114 2501 2120 2514 ‚

403 2534 505 2574 (quod
519 2543 591 2562 cum
604 2532 774 2570 Anagyride
792 2529 1008 2560 collocaverant
1029 2530 1180 2566 Bauhini)
1195 2531 1338 2560 Dodonaei
1358 2531 1537 2561 Laburnum
1557 2531 1717 2560 revocavit.
1738 2530 1815 2559 Cum
1833 2530 2051 2559 Tournefortio
2066 2541 2121 2569 pro

403 2587 460 2616 heic
473 2585 581 2615 saltem
595 2584 658 2613 vice
671 2582 852 2612 consonabat
872 2582 1010 2611 Linnaeus
1031 2593 1169 2622 novaque
1191 2584 1292 2622 generi
1307 2583 1417 2621 adjecit
1432 2584 1566 2620 nomina,
1583 2583 1723 2621 deinceps
1746 2583 1822 2622 τ’ἅρα
1844 2582 1937 2611 τ’ἄλλα
1962 2582 2121 2611 Homerice

404 2643 615 2678 congesserunt
629 2636 818 2664 recentiores.
836 2635 877 2663 Ex
898 2634 953 2663 hac
974 2636 1110 2674 congerie
1128 2636 1246 2673 primus
1265 2646 1372 2675 genera
1393 2636 1451 2665 tria
1467 2637 1594 2675 Qrtisum
1608 2658 1615 2671 ,
1633 2636 1796 2663 Labzcrnum
1816 2641 1846 2663 et
1869 2635 1962 2672 Casan
1975 2636 2122 2674 excerpsit

406 2690 575 2720 Fridericus
590 2682 752 2717 Casin'iirus
766 2686 913 2716 Medicus.
927 2687 1165 2727 (th'losoplzisclz.
1183 2688 1260 2724 Boe„
1276 2689 1327 2717 vol.
1344 2691 1375 2724 1,
1390 2699 1480 2727 pagg.
1497 2689 1555 2716 202
1572 2695 1596 2716 et
1610 2687 1669 2716 204
1681 2710 1688 2724 ‚
1701 2694 1727 2715 ec
1738 2688 1793 2715 vol.
1811 2689 1828 2715 2
1839 2709 1846 2722 ‚
1860 2698 1931 2726 pag.
1949 2687 2011 2723 84.)
2028 2689 2122 2726 Cytiso

405 2743 515 2781 species
529 2740 640 2779 quibus
654 2738 738 2778 calyx
750 2738 909 2767 tubulosus
920 2761 927 2773 ‚
941 2739 1070 2767 Laburno
1084 2745 1188 2768 onmes
1202 2738 1314 2778 quibus
1329 2739 1559 2778 campanulatus
1576 2739 1729 2768 concessit.
1744 2738 1817 2767 Mox
1827 2737 1999 2767 Moenchius
2010 2760 2017 2774 ,
2028 2748 2122 2777 genus

405 2795 568 2824 obscurum
580 2791 667 2821 aliter
678 2791 893 2829 interpretatus
903 2810 915 2826 f
924 2791 1089 2819 Laburnum
1107 2798 1137 2820 et
1156 2791 1298 2830 Cajanoem
1308 2791 1420 2820 Medici
1432 2801 1487 2830 pro
1501 2791 1598 2823 Cytiso
1610 2814 1617 2824 ‚
1634 2801 1689 2829 pro
1710 2792 1745 2820 V
1743 2791 1855 2830 ibor-gili
1864 2790 1975 2820 Medici
1994 2792 2122 2829 Cytisum

404 2845 544 2876 habebat.
559 2843 697 2881 (Moench‚
713 2842 816 2879 Mella„
826 2854 918 2882 pagg.
936 2844 991 2872 132
1005 2850 1030 2871 et
1050 2842 1130 2879 144.)
1153 2842 1196 2871 Ex
1217 2842 1324 2872 eodem
1340 2842 1467 2872 demum
1482 2843 1598 2871 intuitu
1613 2842 1806 2882 Calycotomen
1818 2852 1904 2871 suam
1924 2842 2037 2880 eripuit
2051 2842 2123 2871 Lin-

403 2900 482 2927 kius.
496 2897 605 2926 Beatus
616 2894 796 2924 Candolleus
811 2905 886 2932 opus
901 2895 1086 2923 immensum
1098 2903 1151 2922 nec
1165 2893 1384 2932 perficiendum
1399 2893 1545 2923 inchoans
1561 2893 1714 2932 speciebus
1730 2893 1890 2923 confestim
1903 2894 1934 2922 in
1947 2893 2055 2930 tribus,
2067 2901 2120 2923 aut

402 2951 479 2980 bene
493 2956 546 2978 aut
560 2947 691 2977 deterius
704 2947 894 2984 conscriptas,
911 2946 1088 2985 dispertitis,
1101 2956 1205 2975 omnes
1218 2945 1330 2975 iterum
1341 2945 1398 2974 sub
1413 2946 1514 2985 Cytiso
1528 2945 1721 2983 desperanter
1731 2947 1857 2984 conjecit
1883 2945 2013 2974 Sedulus
2023 2945 2120 2974 Florae

403 3007 553 3041 Europaeae
567 3001 723 3039 castigator
735 2998 871 3028 Kochius
882 2998 953 3028 alias
964 2998 1172 3027 Candolleanis
1183 2998 1301 3027 addidit
1317 2998 1414 3027 tribus
1425 2999 1441 3026 e
1452 2997 1664 3027 Genistearum
1674 2997 1836 3037 generibus
1847 2999 1959 3027 caeteris
1973 2997 2119 3036 desump-

407 3063 458 3090 tas,
470 3062 634 3092 omnesque
648 3052 811 3091 perspectis
825 3061 906 3080 nunc
921 3050 991 3090 styli
1007 3061 1087 3080 nunc
1102 3050 1270 3080 carunculae
1282 3050 1460 3081 differentiis
1472 3052 1589 3080 noviter
1598 3051 1714 3088 divisit,
1726 3058 1756 3080 et
1769 3051 1959 3089 perfectiores
1972 3049 2114 3078 reddidit.
