2432 3969
1255 510 1268 556 (
1299 509 1381 549 326
1412 509 1428 557 )

517 605 634 636 cacalia
644 601 874 643 appendiculam
884 610 946 632 var.
962 600 1048 628 Lz'nn.
1058 598 1106 640 f.‚
1121 600 1148 629 S
1151 599 1228 639 uppl.
1234 620 1243 636 ‚
1255 610 1327 639 pag.
1342 599 1411 630 352.
1425 613 1463 622 —·
1478 599 1527 630 W
1529 597 1604 636 illd„
1618 598 1671 638 Sp.
1682 598 1739 638 pl„
1751 599 1804 630 υοῖ.
1822 601 1839 630 3
1851 620 1860 636 ,
1873 611 1946 641 pag.
1962 601 2041 631 1719
2053 623 2062 640 ,
2072 610 2112 632 ex
2120 608 2210 643 parte

477 669 539 699 hue
554 674 667 708 spectat
687 672 723 696 ut
740 676 776 696 ex
792 664 870 694 calce
889 662 1101 703 descriptionis
1116 662 1154 692 cl.
1174 662 1266 695 Linn.
1280 662 1303 694 f.
1322 662 1422 703 liquet
1439 675 1446 693 :
1468 677 1482 690 u
1494 663 1593 693 Aliam
1613 663 1700 693 misit
1719 662 1755 692 cl.
1777 662 1901 694 Masson
1919 674 2014 705 quam
2031 665 2209 698 distinctam

481 747 494 759 ,ι
505 733 644 773 putavit,
659 730 711 760 sed
730 728 850 758 dubito.
871 727 909 757 In
928 728 1061 758 montosis
1077 727 1222 771 Tenerg'ffoe
1243 728 1369 758 iuventa
1382 734 1427 758 est
1441 733 1474 759 et
1487 727 1589 758 differt
1607 728 1640 758 in
1655 726 1748 758 nullis
1761 729 1780 757 a
1794 727 1827 760 G.
1843 728 2078 768 appendiculam
2089 752 2098 768 ,
2113 742 2210 771 quam

481 798 584 828 »caule
607 795 794 836 glaberrimo,
808 793 891 834 foliis
911 794 1163 833 cordato-oblongis
1174 816 1181 830 ,
1203 794 1379 823 snbdentatis
1389 816 1399 832 ‚
1420 805 1471 823 nec
1489 794 1643 834 angulatis.
1661 806 1674 820 »
1688 810 1727 817 —
1738 793 1856 825 Revera
1876 793 2001 824 Senecio
2022 794 2211 825 multiflorus

477 862 576 902 prima
595 860 695 890 fronte
715 859 824 889 similis
838 865 884 889 est
901 858 1058 889 Senecioni
1071 857 1306 898 appendiculato
1321 864 1352 888 et
1372 858 1496 888 tantum
1510 858 1598 888 caule
1610 858 1811 898 glaberrim0‚
1830 861 1864 888 in
1884 858 1954 889 Seu.
1975 858 2212 898 appendiculato

477 935 595 964 semper
605 930 777 954 tomentoso
789 947 798 962 ,
809 923 920 955 differt.
935 923 1071 953 Examen
1082 923 1251 953 accuratius
1264 923 1335 953 vero
1350 922 1464 952 multas
1475 923 1587 962 praebet
1600 923 1785 953 differentias
1803 925 1850 953 uti
1869 924 2055 963 comparatio
2075 923 2214 962 descrip—

475 992 597 1021 tionum
612 989 745 1027 docehit,
761 995 792 1019 et
806 999 843 1018 ex
857 988 895 1018 cl.
912 988 1010 1018 Webb
1025 988 1065 1018 ob
1080 987 1223 1017 habitum
1242 987 1328 1017 facil‘e
1343 987 1565 1027 distinguendae
1580 994 1653 1018 sunt
1667 989 1775 1029 stirpes
1790 989 1879 1020 vivae.

515 1054 669 1084 Cineraria
682 1053 861 1086 multiflora.
878 1055 962 1084 Hori.
979 1053 1146 1083 Kewensz‘s!
1164 1054 1194 1081 in
1208 1052 1285 1082 lzerb.
1298 1051 1407 1082 Banlrs.
1415 1075 1425 1090 ,
1437 1062 1474 1082 ex
1485 1052 1601 1082 Webe
1623 1054 1655 1082 in
1669 1054 1729 1083 litt.
1744 1070 1783 1077 —·
1795 1052 1943 1089 L’Hc'rit.‚
1957 1053 2035 1082 Seri.
2049 1053 2130 1093 angl.
2136 1076 2146 1091 ,
2160 1053 2210 1083 26.

476 1136 516 1143 -—·
528 1119 651 1155 Willd.‚
667 1119 723 1158 Sp.
738 1119 796 1158 pl„
811 1119 864 1148 vol.
879 1118 916 1154 3,
929 1128 1002 1157 pag.
1019 1118 1110 1146 2078.

515 1182 669 1214 Pericallis
680 1183 859 1212 multiflora.
876 1182 993 1212 lVebb!
1004 1182 1098 1218 Icon.‚
1111 1181 1169 1211 tab.
1186 1181 1253 1211 105.

516 1248 640 1278 Senecio
655 1247 850 1277 multiflorus.
866 1247 903 1276 G.
919 1247 959 1275 H.
972 1247 998 1275 S
1000 1245 1091 1274 clzullz
1106 1247 1234 1285 Bt'pont„
1246 1246 1331 1283 MS„
1344 1256 1405 1275 non
1420 1246 1497 1283 DC.,
1509 1246 1628 1281 Prodr.,
1644 1246 1697 1276 vol.
1711 1247 1742 1283 6,
1752 1256 1824 1285 pag.
1840 1245 1916 1282 410,
1929 1245 1982 1284 qui
1997 1245 2216 1284 plantanrnos-

477 1319 557 1343 tram
573 1323 643 1342 cum
655 1312 807 1341 Doronico
818 1310 953 1348 Webbii,
967 1311 1015 1340 cui
1028 1310 1191 1350 descriptio
1205 1321 1259 1340 sua
1269 1311 1386 1350 optime
1403 1311 1545 1351 quadrat,
1558 1310 1774 1341 commutavit.

515 1379 598 1407 Ραιῖο
611 1377 842 1407 Nivariensium
853 1386 890 1405 ex
901 1375 1014 1405 Webb.

524 1457 611 1489 ΗΑΒ.
633 1455 741 1502 Stirps
757 1463 874 1489 nostra
892 1457 987 1490 mere
1004 1456 1221 1500 canariensis,
1237 1457 1255 1490 a
1271 1456 1314 1490 cl.
1333 1457 1469 1491 Masson
1487 1456 1636 1503 primum
1651 1455 1736 1489 lecta
1752 1461 1786 1488 et
1803 1454 1835 1488 in
1852 1453 1993 1488 hortum
2008 1455 2213 1488 Kewensem

476 1528 672 1563 introducta
686 1541 693 1562 :
712 1530 815 1576 supra
833 1529 943 1576 sylvas
962 1529 995 1563 in
1013 1529 1153 1576 regione
1167 1530 1345 1565 Ericarum
1358 1543 1389 1565 e.
1405 1543 1439 1577 g.
1457 1529 1546 1564 inter
1560 1536 1672 1576 petras
1685 1527 1774 1562 etad
1789 1539 1908 1562 muros
1925 1539 2087 1563 arvorum
2099 1539 2217 1575 sape!-

478 1609 664 1637 castaneta
679 1601 789 1636 vallis
811 1602 1068 1637 Orotavensis:
1086 1602 1236 1639 Webb!

478 1705 479 1708 =
516 1686 634 1717 DESGR.
647 1685 754 1715 Affinis
765 1685 889 1716 Senecio
898 1686 1132 1725 appendiculam
1147 1692 1177 1716 et
1191 1686 1299 1716 eodem
1309 1687 1376 1724 jure
1385 1685 1582 1715 fruticulosus
1596 1685 1744 1724 appellari
1758 1692 1868 1725 potest.
1883 1686 1988 1716 CAans
2002 1685 2044 1725 pl.
2059 1685 2216 1725 2-3-peda-

478 1751 516 1780 lis
528 1773 536 1789 ,
549 1753 601 1781 1-52
614 1750 668 1782 lin.
682 1751 833 1781 diametro
847 1752 976 1781 metiens
986 1772 994 1788 ,
1007 1751 1129 1780 strictus
1141 1773 1148 1788 ,
1164 1750 1262 1780 rarius
1277 1751 1309 1780 in
1324 1749 1541 1790 speciminibus
1556 1751 1665 1780 macris
1679 1750 1758 1779 inter
1769 1749 1842 1780 solia
1858 1752 1954 1790 magis
1969 1750 2104 1780 conferta
2121 1750 2216 1790 paulo

478 1815 585 1852 flexus,
597 1815 824 1853 teretiusculus,
841 1815 1096 1845 sulcato-striatus
1105 1838 1112 1851 ‚
1126 1814 1239 1854 glaber,
1252 1815 1362 1844 cortice
1377 1814 1475 1843 dilute
1486 1813 1759 1844 brunnen-virente
1770 1837 1777 1852 ,
1790 1811 1975 1854 quandoque
1987 1815 2216 1854 subpurpuras-

480 1887 580 1918 cente,
591 1880 667 1921 ligni
678 1887 772 1910 strato
782 1881 868 1910 tenui
879 1880 949 1909 albo
960 1880 1100 1915 flavente,
1114 1879 1256 1909 medullae
1271 1879 1412 1919 cylindro
1423 1889 1520 1908 crasso
1534 1879 1666 1915 albente,
1680 1880 1697 1907 a
1709 1879 1773 1908 basi
1786 1879 1825 1908 ad
1839 1880 1957 1919 apicem
1972 1880 2069 1919 usque
2079 1879 2215 1915 foliatus,

480 1945 625 1985 corymbo
640 1946 823 1974 terminatus
837 1943 1137 1983 supradecomposito
1148 1967 1156 1981 ,
1176 1943 1401 1983 myriocephalo
1412 1967 1421 1980 ,
1438 1944 1480 1973 ita
1503 1950 1539 1973 ut
1557 1943 1620 1973 haec
1635 1945 1749 1983 species
1767 1954 1828 1983 prae
1850 1944 1956 1973 omnia
1979 1943 2217 1974 Senecionoidea

480 2010 665 2039 canariensia
677 2019 790 2039 nomen
801 2008 961 2038 multiflori
978 2008 987 2049 (
996 2008 1207 2048 polycephali)
1223 2015 1385 2038 mereatur.
1402 2008 1494 2038 FomA
1508 2010 1613 2038 tenuia
1629 2019 1791 2048 papyracea
1805 2032 1812 2046 ,
1824 2008 1971 2048 pleraque
1983 2009 2064 2038 3s4-1
2079 2011 2124 2040 1s2
2139 2009 2213 2049 poll.

480 2075 637 2113 distantia,
651 2074 806 2114 petiolata,
820 2074 964 2104 inferiora
975 2085 1046 2104 cum
1057 2074 1170 2114 petiolo
1185 2074 1241 2103 5-6
1255 2073 1329 2113 poll.
1341 2073 1442 2114 longa,
1454 2075 1473 2103 2
1491 2074 1569 2104 1s2-3
1580 2073 1655 2113 poll.
1672 2073 1746 2112 lata,
1759 2074 1862 2104 medio
1873 2076 1892 2104 4
1902 2074 1977 2114 poll.
1990 2074 2091 2114 longa,
2105 2076 2123 2103 2
2139 2074 2214 2114 poll.

478 2139 552 2177 lata,
564 2150 696 2178 summa,
708 2139 727 2169 i.
742 2149 769 2170 e.
782 2138 821 2169 ad
831 2139 1063 2169 ramificationes
1073 2140 1194 2169 infimas
1206 2140 1304 2179 posita
1318 2139 1414 2179 duplo
1428 2140 1490 2169 fere
1505 2141 1635 2170 minora.
1648 2139 1778 2169 Limbus
1789 2139 1933 2170 soliorum
1946 2139 2214 2179 ovato-oblongus,

480 2205 690 2241 subcordatus,
704 2203 991 2244 subpenninervius,
1005 2205 1038 2234 in
1052 2210 1134 2234 statu
1144 2205 1263 2243 juniore
1274 2206 1365 2243 supra
1376 2204 1605 2240 snbaraneosus,
1620 2211 1693 2234 tunc
1705 2204 1920 2244 glaberrimus,
1934 2204 2122 2240 reticulatus,
2136 2204 2216 2234 infra

481 2270 574 2300 dense
588 2270 864 2299 albo-tomentosus
876 2293 883 2307 ,
895 2270 1031 2309 margine
1045 2269 1208 2299 denticulis
1222 2270 1322 2309 parvis
1335 2293 1342 2307 ‚
1354 2270 1497 2300 consertis
1510 2270 1629 2300 obtusis
1641 2293 1649 2306 ,
1662 2270 1843 2309 corpusculo
1857 2269 2026 2299 subcorneo
2041 2270 2217 2299 terminatis

481 2334 620 2364 obsessus
634 2341 664 2363 et
678 2341 822 2375 praeterea
834 2334 908 2363 hinc
920 2333 991 2363 inde
1005 2333 1236 2373 superficialiter
1247 2335 1405 2372 sinuatus,
1419 2335 1546 2373 superne
1561 2340 1738 2364 attenuatus
1747 2357 1756 2372 ,
1770 2334 2023 2363 subacuminatus
2037 2341 2067 2363 et
2083 2334 2219 2363 acutius-

482 2399 568 2430 culus
579 2424 586 2438 ,
601 2400 665 2430 basi
682 2399 751 2439 plus
763 2400 904 2431 minusve
918 2400 1058 2429 cordatus
1070 2406 1100 2429 et
1114 2400 1146 2429 in
1160 2399 1311 2438 petiolum
1328 2399 1433 2429 abiens
1453 2410 1588 2429 crassum
1600 2423 1607 2437 ,
1623 2402 1636 2428 1
1649 2399 1703 2430 lin.
1717 2400 1836 2428 circiter
1847 2399 1998 2428 diametro
2014 2400 2193 2428 metientem
2207 2421 2215 2436 ,

483 2467 732 2504 subaraneosum,
744 2466 989 2504 teretiusculum,
1001 2466 1136 2495 medulla
1148 2466 1216 2495 alba
1231 2466 1374 2501 farctum,
1389 2466 1465 2495 facie
1476 2467 1586 2504 supera
1600 2465 1848 2502 canaliculatum,
1861 2465 1926 2494 basi
1938 2465 1969 2494 in
1979 2465 2103 2504 planam
2118 2467 2219 2495 trian-

483 2533 587 2573 gulam
599 2534 718 2562 circiter
729 2533 780 2562 60ο
791 2543 960 2572 expansum
969 2555 977 2569 ,
988 2533 1075 2570 cujus
1089 2531 1184 2560 latera
1199 2531 1247 2561 5s4
1261 2531 1315 2559 lin.
1330 2530 1419 2574 longa
1432 2529 1512 2573 cauli
1528 2530 1703 2568 affiguntur.
1717 2529 1860 2559 Ceterum
1871 2529 2004 2569 petiolus
2017 2529 2128 2563 1s2-5s4
2139 2529 2213 2569 poll.

483 2597 591 2636 longus
608 2603 638 2626 et
652 2597 748 2626 limbo
763 2595 1017 2635 solii-quadruplo
1035 2597 1153 2624 circiter
1163 2595 1296 2632 brevior,
1307 2584 1503 2639 nunc‘hildus
1514 2617 1522 2630 ,
1537 2602 1566 2623 et
1581 2601 1655 2624 tunc
1671 2594 1742 2624 solia
1758 2597 1852 2634 magis
1868 2594 1989 2624 cordata
2003 2595 2215 2632 observantur,

483 2671 566 2691 nunc
579 2660 671 2699 paulo
682 2662 772 2699 supra
783 2660 922 2689 medium
937 2659 1156 2699 appendicibus
1171 2659 1252 2689 binis
1266 2659 1416 2698 oppositis
1431 2658 1482 2690 vel
1495 2658 1620 2689 alternis
1633 2661 1800 2689 instructus
1814 2661 1912 2690 ovatis
1923 2683 1930 2697 ‚
1944 2660 2072 2690 obtectis
2084 2682 2091 2697 ,
2104 2662 2118 2690 1
2135 2659 2218 2689 ls2-11

484 2726 540 2756 lin.
552 2725 650 2764 longis
662 2747 670 2762 ‚
682 2726 736 2754 1-3
750 2724 805 2755 lin.
824 2724 913 2762 latis,
926 2735 1007 2753 nunc
1022 2724 1175 2753 sessilibus
1186 2747 1194 2761 ‚
1211 2734 1293 2753 nunc
1310 2723 1402 2754 breve
1422 2723 1574 2763 petiolatis
1588 2747 1595 2760 ,
1613 2724 1705 2754 simili
1720 2725 1813 2753 modo
1828 2726 1874 2754 uti
1891 2724 2037 2754 soliorum
2054 2723 2171 2753 limbus
2186 2735 2218 2754 se

484 2790 671 2820 habentibus
682 2812 691 2827 ,
703 2789 816 2829 quibus
830 2791 922 2829 supra
936 2790 1032 2819 rarius
1047 2789 1125 2820 infra
1140 2801 1201 2819 una
1215 2790 1348 2820 alterave
1363 2790 1549 2830 quandoque
1565 2790 1680 2820 accedit
1695 2790 1897 2830 appendicula
1910 2813 1917 2827 ,
1931 2791 1994 2819 imo
2014 2800 2075 2818 una
2094 2789 2217 2818 tantum

485 2857 518 2885 iu
530 2855 680 2895 petiolum
690 2857 913 2894 nonnunquam
926 2854 1012 2884 adest
1022 2854 1187 2893 appendix.
1201 2854 1338 2893 Superne
1350 2854 1442 2884 caulis
1456 2856 1487 2884 in
1503 2856 1551 2884 axi
1569 2855 1714 2886 soliorum
1728 2857 1885 2886 minorum
1906 2857 1936 2885 in
1956 2854 2138 2895 corymbum
2153 2853 2219 2883 sol-

486 2922 571 2952 vitur
583 2920 918 2959 supradecompositum
929 2942 940 2958 ,
950 2919 1002 2948 2-7
1017 2918 1091 2958 poll.
1106 2918 1255 2948 diametro
1274 2920 1453 2948 metientem
1467 2942 1473 2955 ,
1487 2931 1657 2950 convexum
1671 2944 1677 2958 ,
1690 2928 1719 2950 et
1732 2921 1806 2951 hinc
1826 2920 2096 2961 subpaniculatum
2107 2941 2115 2956 ,
2129 2920 2218 2958 cujus

487 2987 564 3015 rami
586 2986 742 3015 inferiores
760 2985 802 3024 pl.
826 2983 974 3024 palmares
989 2983 1039 3013 vel
1058 2983 1227 3022 spithamaei
1240 3006 1247 3020 ,
1266 2983 1421 3013 interdum
1437 2984 1559 3023 pedales
1579 2986 1611 3014 in
1626 2985 1807 3025 corymbum
1825 2985 1938 3014 abeunt
1958 2984 2214 3023 decompositum.

489 3051 610 3088 Rarius,
624 3051 655 3078 in
670 3048 888 3089 speciminibus
903 3048 1124 3087 depaupemtis,
1139 3058 1241 3077 ramus
1253 3048 1377 3078 infimus
1389 3049 1511 3078 tantum
1522 3049 1569 3078 5s4
1582 3049 1656 3089 poll.
1672 3050 1779 3091 longus
1791 3050 1935 3091 corymbo
1948 3050 2132 3079 terminatur
2143 3049 2220 3078 sim·
