2432 3969
1237 485 1406 532 (128)

460 580 526 609 liim
541 579 664 617 majoris
678 576 866 616 marginibus
879 575 1025 604 binorum
1038 573 1212 603 lateralium
1232 574 1382 613 margines
1397 574 1461 603 sine
1475 575 1606 603 torsione
1628 575 1844 614 obtegentibus
1855 599 1863 612 ‚
1877 586 2011 615 quorum
2032 578 2181 617 cujusque

459 653 561 682 margo
576 642 650 671 alter
661 642 762 680 quarti
777 637 1004 677 aliquantulum
1021 638 1147 666 minoris
1162 638 1330 676 marginem
1345 638 1520 676 proximum
1535 637 1686 668 imbricat.
1707 638 1798 669 cmx
1815 639 2012 670 brevissimus
2023 664 2030 676 ‚
2044 642 2181 680 cupulae-

456 709 575 742 formis,
590 707 620 735 in
635 705 740 734 dentes
752 704 770 732 4
780 703 886 733 breves
903 709 1006 732 acutos
1020 703 1115 742 usque
1126 702 1165 731 ad
1179 701 1266 731 basin
1280 701 1342 730 sere
1354 702 1470 731 scissus.
1484 702 1617 731 Conona
1627 704 1775 742 k-petala‚
1789 703 1898 743 petalis
1912 704 2024 734 foliolis
2038 706 2181 745 calycinis

456 769 677 801 alternantibus
687 791 694 803 ,
709 768 806 806 iisque
822 767 904 806 4-plo
918 767 1105 807 longioribus
1118 790 1126 804 ,
1138 768 1243 796 erectis
1253 789 1261 804 ,
1280 766 1407 796 demum
1423 766 1649 806 divergentibus
1661 791 1669 803 ‚
1681 766 1979 798 lineari-lanceolatis
1992 791 2000 805 ‚
2017 771 2160 799 l-nerviis
2171 794 2179 805 ,

456 835 577 874 glabris,
591 833 738 866 concavis.
751 832 835 870 apice
850 832 1033 868 incrassatis,
1046 831 1176 868 inflexis,
1188 831 1296 867 acutis,
1308 830 1372 860 basi
1385 830 1435 860 vix
1449 831 1630 867 attenuatis,
1643 830 1796 860 sessilihus
1807 854 1814 866 ‚
1827 831 1884 860 sub
1894 832 2071 871 gynophoro
2086 835 2182 864 inser-

455 901 503 928 tis.
524 898 654 927 SrnuNA
669 897 687 927 4
702 919 709 931 ,
728 896 835 935 petalis
854 896 1052 930 alternantia,
1072 901 1165 934 atque
1183 894 1292 923 iisdem
1307 893 1536 933 aliquantulum
1550 893 1688 924 breviora
1701 917 1708 929 ‚
1721 895 1823 925 medio
1837 896 2016 935 gynophoro
2030 897 2069 926 ad
2084 897 2181 927 sulcos

457 965 577 993 inserta.
589 961 766 991 memn
780 960 887 999 plana,
897 959 962 989 basi
975 959 1136 989 latiuscula
1148 982 1154 994 ‚
1174 960 1257 997 apice
1273 958 1429 988 filiformia
1438 981 1447 996 ,
1464 958 1574 998 glabra.
1593 959 1742 988 Amm-:RAE
1756 966 1859 989 erectae
1870 984 1877 996 ‚
1895 960 1986 990 luteae
1999 984 2007 996 ,
2025 961 2161 1001 oblongae
2171 984 2178 996 ,

454 1028 538 1067 apice
552 1026 737 1065 angustiores
749 1046 756 1061 ‚
769 1023 884 1053 obtusae
895 1046 903 1060 ‚
914 1024 1089 1053 :introrsum
1103 1023 1141 1052 ad
1158 1023 1251 1052 latera
1266 1022 1527 1062 longitudinaliter
1543 1023 1730 1054 dehiscentes
1741 1047 1748 1059 ‚
1763 1024 1886 1053 sacculis
1900 1024 2027 1054 demum
2041 1026 2178 1054 reversis.

455 1092 574 1121 Pomm
588 1099 745 1129 magnum,
755 1087 925 1127 globosum,
939 1086 997 1116 sub
1011 1087 1208 1125 microscopio
1224 1088 1429 1117 minutissime
1443 1088 1637 1119 scabrellum.
1650 1089 1851 1118 Gmomonnm
1866 1090 1969 1118 ovario
1984 1088 2173 1128 sublongius,

453 1156 639 1188 columnare,
652 1152 804 1192 glabrum,
816 1149 1009 1186 4-sulcatum,
1021 1149 1247 1188 sub-4-gonum
1256 1171 1264 1186 ‚
1278 1150 1395 1189 angulis
1410 1150 1537 1180 obtusis.
1554 1151 1693 1181 Ovannm
1708 1153 1885 1192 gynophoro
1901 1154 2081 1192 impositum
2091 1175 2099 1190 ‚
2115 1164 2180 1182 car-

452 1219 544 1259 pidiis
566 1217 718 1257 angustis,
736 1214 949 1244 hirsutissimis
960 1235 968 1250 ‚
986 1213 1026 1242 ad
1044 1216 1183 1243 suturam
1201 1214 1370 1244 venti-alem
1390 1215 1533 1244 stellatim
1548 1215 1628 1245 inter
1644 1226 1674 1245 se
1689 1226 1742 1255 per
1761 1216 1854 1256 stylos
1875 1223 1905 1246 ct
1919 1227 2028 1247 nervos
2042 1217 2180 1247 axillares

452 1283 630 1322 conjunctis,
643 1278 769 1309 demum
783 1277 874 1307 dorso
888 1283 1037 1306 crescente
1051 1277 1217 1317 gibberosis
1229 1301 1236 1312 ‚
1255 1278 1471 1308 1·locularibus
1481 1302 1488 1314 ,
1503 1279 1665 1310 1-ovulatis
1676 1303 1682 1315 ‚
1697 1281 1774 1309 testa
1785 1280 1876 1309 viridi
1888 1304 1894 1315 ,
1911 1281 2068 1319 granulatai
2079 1304 2086 1316 ,
2105 1281 2179 1310 sub-

452 1347 572 1377 carnosa
584 1368 591 1382 ,
607 1345 740 1384 tegmine
755 1352 851 1372 crasso
861 1365 868 1377 ‚
885 1342 1030 1371 coriaceo.
1053 1342 1180 1372 Ovumm
1195 1343 1355 1371 incurvum
1366 1365 1373 1378 ,
1391 1342 1553 1372 utriforme
1563 1365 1570 1378 ,
1583 1342 1694 1382 angulo
1714 1342 1807 1372 loculi
1822 1345 1974 1382 superiore
1989 1344 2158 1383 pendulum
2170 1368 2178 1380 ,

452 1408 657 1451 podospermii
670 1407 842 1437 brevissimi
857 1406 941 1436 fibris
954 1407 1038 1446 apice
1052 1408 1196 1446 utrinque
1208 1407 1357 1446 pileatum
1368 1430 1376 1443 ,
1389 1407 1496 1445 raphes
1511 1406 1639 1436 vasculis
1652 1417 1706 1446 per
1716 1406 1969 1446 podospermium
1984 1414 2014 1437 et
2029 1408 2097 1437 colli
2112 1419 2181 1438 ova-

453 1478 490 1507 rii
501 1473 703 1505 crassedinem
717 1471 918 1511 serpentibus,
931 1470 1051 1500 chalazzi
1065 1472 1172 1511 magna
1189 1482 1259 1501 cum
1278 1472 1362 1502 ovuli
1377 1471 1598 1511 ainphitropice
1609 1473 1721 1502 reversi
1736 1471 1924 1501 membranis
1938 1473 2108 1503 incrassatis
2122 1473 2179 1503 ad-

453 1543 595 1571 haerente.
613 1539 717 1567 Srrms
729 1538 761 1566 in
775 1536 926 1565 alabastro
941 1537 991 1566 vix
1003 1536 1096 1571 ullus,
1110 1544 1178 1576 post
1193 1536 1333 1566 antlxesin
1348 1537 1461 1572 brevis,
1473 1536 1668 1572 columnaris,
1681 1536 1827 1576 4-gonus‚
1843 1538 1858 1565 ὲ
1873 1536 1958 1575 stylis
1973 1537 2180 1576 carpidioruni

452 1605 567 1635 coalitis
581 1603 742 1636 confectus,
759 1602 932 1640 persistenS,
948 1600 1018 1639 pilis
1029 1600 1131 1630 medio
1146 1601 1241 1630 affixis
1254 1601 1451 1640 longiusculis
1465 1601 1643 1631 densissime
1660 1601 1772 1631 hirtus.
1792 1601 1953 1632 suumn
1977 1603 2009 1631 in
2030 1601 2181 1632 alabastro

453 1669 576 1699 linearia
589 1691 596 1702 ‚
613 1667 702 1696 dorso
716 1665 920 1694 hirsutissima
931 1687 938 1699 ‚
956 1669 1053 1693 erecta
1064 1687 1071 1699 ,
1091 1665 1123 1692 in
1146 1664 1337 1703 pyramidem
1359 1667 1448 1704 supra
1464 1665 1598 1704 carpidia
1612 1665 1720 1695 collata
1732 1689 1739 1701 ,
1753 1672 1821 1704 post
1835 1666 1975 1695 anthesin
1995 1665 2160 1695 lanceolata
2172 1689 2180 1701 ,

456 1733 587 1773 patentia
597 1754 604 1766 ‚
616 1728 759 1770 glandula
778 1727 966 1757 acutiuscula
987 1727 1146 1766 apiculata.
1168 1727 1299 1757 ancrns
1313 1728 1482 1768 drupaceus
1494 1752 1501 1766 ‚
1515 1729 1622 1768 drupis
1640 1729 1695 1759 2-4
1708 1753 1714 1765 ‚
1728 1729 1777 1759 vel
1794 1730 1999 1769 carpidiorum
2009 1731 2180 1760 vicinorum

454 1797 628 1827 evolutione
642 1794 771 1830 morata,
782 1792 935 1826 solitariis⁵
947 1791 1102 1831 pedicellis
1112 1793 1128 1821 ὲ
1145 1791 1206 1821 folii
1221 1792 1395 1831 pedunculo
1410 1793 1572 1832 superstite
1579 1792 1704 1830 (lamina
1716 1793 1837 1831 caduca)
1850 1804 1921 1822 cum
1938 1793 2018 1823 floris
2032 1794 2181 1832 pedicello

455 1868 582 1892 connato
596 1859 749 1892 confectis,
763 1858 880 1892 erectis,
896 1856 944 1885 vel
960 1857 1016 1886 sub
1031 1857 1164 1895 pondere
1180 1857 1349 1895 druparum
1360 1858 1505 1894 recurvis,
1516 1858 1614 1897 calyce
1630 1858 1808 1896 persistente
1828 1863 1857 1886 et
1878 1857 2057 1896 gynophoro
2072 1858 2181 1887 sufful-

454 1928 503 1962 tis,
520 1922 799 1954 snborhicularibus
815 1944 821 1956 ,
838 1921 887 1950 vel
899 1921 938 1950 ad
953 1921 1062 1950 faciem
1071 1920 1241 1950 ventralem
1257 1923 1402 1961 utrinque
1418 1924 1594 1962 compressis
1605 1946 1612 1959 ‚
1624 1923 1702 1952 rima
1716 1922 1825 1951 fibroszi
1839 1922 1897 1951 sub
1911 1923 1982 1962 styli
1994 1923 2057 1952 basi
2069 1924 2180 1961 persis-

454 1996 535 2019 tente
549 1989 636 2018 acuta
646 2011 655 2025 ,
669 1994 698 2016 et
713 1985 883 2016 cicatricula
900 1986 1039 2022 minima,
1052 1985 1259 2024 podospermii
1278 1996 1419 2015 vasorum
1431 2010 1438 2021 ‚
1458 1987 1569 2015 notatis
1581 2009 1587 2021 ‚
1609 1987 1762 2025 epicarpio
1778 1986 1982 2021 tenuiusculo,
2001 1988 2161 2025 granuloso
2171 2009 2178 2020 ,

454 2054 579 2083 demum
594 2054 671 2081 sicco
683 2074 690 2088 ‚
701 2051 787 2080 extus
798 2060 956 2080 verrucoso
967 2073 974 2085 ,
987 2050 1173 2088 mesocarpio
1184 2072 1192 2087 ‚
1209 2056 1238 2079 et
1252 2051 1433 2088 endocarpio
1447 2049 1605 2088 pallidiore
1616 2050 1751 2079 connatis
1763 2072 1770 2084 ,
1783 2050 1887 2078 crassis
1898 2073 1905 2084 ,
1919 2049 2159 2088 nigrescentibus
2170 2072 2177 2083 ,

454 2118 554 2153 osseis,
568 2116 748 2145 durissimis.
763 2115 868 2144 Smm
880 2113 1063 2148 solitarium,
1076 2114 1290 2153 podospermio
1301 2114 1385 2144 brevi
1398 2114 1519 2151 fibroso,
1535 2125 1643 2149 crasso,
1655 2124 1708 2152 per
1723 2113 1837 2144 collum
1848 2114 2046 2143 descendente
2062 2113 2181 2152 pendu-

454 2182 534 2218 lum,
548 2181 625 2210 testa
639 2179 801 2214 crustacea,
813 2176 892 2206 rufa.
907 2176 1025 2205 Emmro
1038 2183 1191 2213 curvatus,
1208 2187 1290 2206 sacco
1304 2177 1430 2217 hyalino
1441 2177 1809 2208 vermiculari-cochleato
1819 2201 1826 2213 ‚
1840 2178 1922 2217 apice
1936 2178 2000 2207 hilo
2011 2201 2018 2213 ,
2031 2178 2096 2207 basi
2111 2177 2181 2206 clia-

455 2245 517 2274 laza
532 2250 637 2273 notato
647 2265 655 2279 ,
672 2242 859 2280 perispermo
873 2249 996 2269 carnoso
1007 2262 1014 2273 ‚
1035 2239 1105 2268 albo
1118 2262 1124 2274 ‚
1145 2239 1183 2268 ad
1199 2239 1350 2269 chalazaln
1368 2242 1534 2280 copiosiore
1545 2266 1551 2276 ‚
1566 2242 1674 2271 induto
1686 2265 1693 2277 ‚
1707 2242 1963 2271 circumamictus.
1978 2241 2180 2271 coritianos-ns

456 2310 610 2348 elongatae,
626 2304 838 2339 crassiusculae,
850 2303 1067 2333 taeniaeformes.
1081 2303 1237 2333 Rimcnm
1254 2304 1483 2343 cotyledonibus
1494 2306 1627 2342 brevior,
1643 2307 1709 2336 hilo
1724 2317 1877 2336 conversa.

490 2376 550 2398 01³⁵.
567 2373 623 2396 Non
637 2373 687 2395 rite
699 2369 806 2395 omnino
821 2370 863 2400 (in
875 2368 957 2392 Hook.
973 2367 1057 2392 Lond.
1069 2367 1159 2393 Journ.
1173 2368 1190 2392 l.
1203 2369 1238 2400 c.)
1251 2369 1329 2393 ovula
1346 2370 1372 2393 in
1386 2370 1436 2394 hoc
1447 2378 1541 2402 genere
1553 2376 1680 2403 anatropa
1696 2372 1824 2395 diximus.
1844 2373 1871 2395 In
1885 2373 1913 2396 G.
1927 2373 1998 2395 enim
2014 2372 2180 2402 pulverulento

458 2440 508 2456 non
525 2431 610 2455 solum
625 2430 708 2461 magis
725 2428 845 2452 minusve
858 2431 965 2452 curvata
979 2426 1026 2450 sed
1037 2426 1081 2450 vix
1093 2433 1145 2449 non
1159 2426 1359 2458 campylotropa
1370 2427 1503 2452 videmur.
1515 2428 1691 2460 Amphitr-upa
1702 2436 1763 2460 ergo
1779 2428 1892 2453 dicenda
1907 2433 1976 2456 sunt,
1992 2430 2116 2460 quamvis
2130 2429 2180 2452 suh

457 2490 643 2523 amphitropiae
658 2487 765 2512 nomine
776 2486 960 2511 conversiones
971 2484 1150 2517 flexionesque
1166 2485 1249 2515 plures
1260 2484 1460 2509 cumulaverunt
1471 2489 1600 2510 auctores.
1612 2485 1733 2517 Speciem
1747 2486 1774 2509 in
1785 2486 1876 2510 hortos
1888 2486 2041 2510 Lutetianos
2055 2487 2181 2510 Riedlcus

458 2557 504 2574 nec
521 2547 720 2573 Broussonelius
731 2545 827 2569 intulit-

1021 2699 1311 2730 EXPLleATm
1347 2701 1452 2731 TAB.
1486 2691 1552 2731 66.
1584 2687 1632 2731 Β.

513 2824 542 2845 1.
562 2812 692 2844 Ramus
709 2806 852 2841 floridus
866 2814 901 2840 et
924 2805 1075 2840 fructifer
1091 2805 1324 2853 magnitudine
1343 2806 1500 2840 naturali.
1519 2819 1554 2840 2.
1574 2806 1720 2854 Cymula
1744 2806 1871 2840 ssorum
1891 2804 2047 2840 nondum
2071 2804 2181 2851 expli-

458 2892 533 2920 cata
546 2885 565 2918 ἐ
583 2882 655 2917 folii
667 2881 738 2915 basi
752 2892 933 2927 erumpens
949 2879 1115 2926 pcdicello
1134 2879 1260 2913 scilicet
1274 2879 1450 2913 communi
1467 2877 1488 2912 b
1501 2891 1579 2914 cum
1594 2879 1721 2926 petiole
1735 2891 1759 2913 α
1779 2878 1917 2913 adnato.
1934 2878 1969 2913 3.
1987 2878 2083 2912 Idem
2097 2889 2180 2912 cum

459 2957 544 2992 rami
559 2962 736 3003 segmento
756 2953 897 2988 floribus
916 2952 1089 3000 explicatis
1105 2960 1142 2986 ut
1160 2951 1316 2999 pedicelli
1333 2951 1495 2986 articulus
1512 2959 1672 2999 appareat
1691 2951 1775 2986 folio
1791 2952 1809 2985 ὲι
1826 2951 1932 2986 dorso
1947 2951 2030 2985 wiso.
2047 2950 2084 2994 4.
2099 2950 2183 2984 Ala-

460 3032 626 3066 bastrum.
643 3028 678 3063 5.
695 3027 890 3062 Petalorum
919 3033 996 3060 ante
1024 3025 1183 3059 anthesin
1212 3025 1317 3059 sectio
1347 3024 1565 3060 horizontalis
1592 3033 1773 3061 uteorum
1801 3026 1928 3072 positio
1955 3024 2181 3072 praessoraliva
