2432 3969
1257 489 1394 532 (88)

478 590 573 639 post
612 580 819 623 anthesin
862 580 1107 620 immutata
1122 612 1131 629 ‚
1164 579 1364 634 longiora
1403 578 1524 634 apice
1568 576 1766 618 dilatata.
1801 574 1962 617 STYLUS
2004 574 2183 621 unicus„

473 663 640 719 angulo
666 667 787 704 recto
815 661 1045 703 incurvus.
1074 658 1241 702 STIGMA
1268 659 1532 715 capitatum.
1563 658 1781 699 LEGUMEN
1803 663 2006 699 erectum
2022 690 2031 703 ,
2052 655 2185 697 breve

472 743 809 799 tui-gidumque,
821 741 887 783 vel
904 739 1475 796 elongato-cylindraceum
1491 744 1693 787 acutum,
1713 737 1970 787 2—loculare,
1991 736 2185 786 2—valve,

474 824 612 866 valvis
637 823 749 880 saepe
767 823 900 880 septis
916 821 1169 865 transverse
1191 820 1361 867 divisis,
1380 819 1730 875 polyspermum.
1749 816 1913 860 SEM1NA
1934 817 2185 859 ovato-len—

472 905 696 954 ticularia,
716 905 827 947 testa
847 903 1074 946 crustacea
1087 936 1096 950 ,
1115 901 1312 957 tegmine
1335 899 1668 955 mucilaginoso.
1693 897 2006 941 COTYLEDONES
2027 905 2183 940 ovatae.

472 986 692 1029 RAmcULA
709 983 1050 1040 cotyledonibus
1066 982 1261 1025 brevior.

531 1066 702 1109 HERBAF.
719 1067 1009 1121 liguescentes
1026 1064 1096 1105 vel
1115 1063 1298 1106 frutices
1314 1062 1435 1106 orbis
1453 1063 1612 1105 veteris
1628 1062 1917 1105 australioris.
1936 1060 2071 1103 Fom
2090 1061 2184 1117 pin-

472 1150 617 1191 natim
642 1145 1160 1190 3-soliolata.PEDUNCUL1
1187 1143 1243 1185 ad
1271 1144 1444 1200 apicem
1474 1158 1712 1186 ramorum
1741 1143 1963 1194 axillares,
1987 1141 2186 1185 umbella

470 1229 581 1285 saepe
598 1227 722 1269 nuda
736 1226 997 1269 orbiculari.

520 1312 602 1344 Osss.
621 1306 1083 1354 DorycniumTournefortii
1094 1308 1111 1340 a
1124 1305 1367 1339 Willdenowio
1380 1306 1616 1348 instauratum,
1633 1308 1650 1338 ἐι
1664 1306 1818 1351 Seringio
1830 1313 1981 1348 auctum,
1997 1305 2187 1350 plantarum

472 1395 579 1429 genus
592 1385 609 1416 a
624 1382 716 1416 Loto
731 1380 847 1414 habitu
869 1379 1016 1426 generali
1037 1379 1233 1413 distinctum
1252 1379 1446 1425 amplexum
1464 1386 1526 1412 est.
1549 1379 1796 1426 Bonjeaniam
1817 1379 1834 1411 a
1852 1378 2035 1423 Dorycnio
2052 1377 2188 1422 qualem

468 1469 542 1490 eam
562 1455 714 1489 definivit
730 1454 849 1488 doctus
869 1452 1157 1487 Reichenbachius
1170 1480 1179 1495 ,
1193 1465 1253 1486 nec
1269 1452 1386 1486 habitu
1401 1480 1408 1495 ,
1426 1464 1487 1485 nec
1510 1452 1799 1497 quantulicunque
1819 1452 1916 1497 pretii
1932 1449 2188 1484 characteribus

470 1529 654 1569 dirimitur,
668 1528 721 1561 vix
735 1527 825 1560 enim
845 1526 944 1560 ullius
957 1526 1122 1559 momenti
1141 1526 1323 1572 leguminis
1339 1525 1499 1568 brevitas,
1511 1537 1571 1558 nec
1586 1526 1770 1559 reformato
1789 1526 1806 1558 {1
1822 1524 1967 1566 Kochio,
1982 1525 2056 1558 viro
2069 1523 2190 1569 sagaci,

472 1603 658 1647 Dorycnio
673 1626 681 1640 ,
696 1601 824 1634 alarum
846 1600 968 1633 scilicet
987 1599 1160 1644 plicaturis
1176 1599 1370 1632 antrorsum
1397 1599 1606 1632 bullatarum
1622 1605 1656 1631 et
1677 1598 1764 1630 inter
1783 1609 1817 1630 se
1834 1597 2092 1643 conjunctarum
2117 1595 2191 1630 des-

473 1677 590 1717 tincto,
606 1674 752 1708 multum
767 1674 885 1707 fortius
898 1672 1021 1706 evadit.
1041 1672 1268 1718 Dorycnz'um
1281 1673 1363 1717 ergo
1383 1683 1444 1717 pro
1460 1672 1545 1705 Lotzss
1562 1682 1678 1705 sorore
1693 1679 1751 1704 aut
1766 1682 1829 1717 pro
1842 1670 1960 1703 ancilla
1976 1669 2190 1712 habebimus,

473 1757 506 1782 et
527 1750 558 1782 in
579 1748 662 1782 duas
681 1746 870 1781 dividemus
888 1746 1054 1779 sectiones
1075 1745 1303 1790 Dorycm'um
1333 1753 1366 1778 et
1389 1744 1636 1792 Bonjeczniam
1654 1744 1770 1789 quales
1787 1755 1843 1777 eas
1859 1742 2120 1788 circumscripsit
2146 1742 2189 1776 cl.

474 1821 634 1854 Roehius.
655 1820 788 1866 Species
803 1819 1021 1853 Canarienses
1038 1830 1157 1851 omnes
1175 1820 1217 1851 ad
1235 1818 1483 1864 Bonjeatziam
1507 1816 1692 1851 referendae
1715 1824 1793 1850 sunt
1808 1823 1842 1849 et
1860 1826 1992 1849 summa
2009 1822 2059 1848 est
2075 1827 2190 1849 earum

473 1906 550 1927 cum
568 1892 742 1939 speciebus
757 1891 930 1937 Europaeis
942 1891 1158 1937 Bonjecznice
1173 1891 1392 1924 concinnitas.
1411 1892 1484 1924 Sint
1502 1902 1584 1937 ergo
1598 1890 1817 1937 Bonjeanioe
1838 1889 1874 1921 iis
1893 1887 2017 1933 quibus
2035 1887 2129 1922 cordi
2144 1897 2190 1921 est

473 1967 693 2011 Bonjeania.

1109 2101 1565 2144 BONJEANIA.

480 2213 570 2255 Alae
606 2212 868 2253 antrorshm
897 2210 1213 2257 conniventes,
1245 2208 1416 2260 liberae,
1444 2224 1580 2265 supra
1611 2208 1907 2264 unguiculam
1944 2208 2192 2249 lunulatim

534 2295 725 2351 plicatae„
760 2293 873 2350 plica
912 2292 1055 2335 altera
1085 2291 1146 2333 ad
1181 2292 1435 2348 marginem
1471 2291 1750 2347 superiorem
1786 2290 1878 2332 fere
1921 2290 1974 2331 ad
2018 2290 2191 2346 apicem

536 2378 713 2418 laminae
732 2375 953 2432 protensa.
975 2375 1208 2429 Legumen
1230 2373 1362 2416 breve
1380 2373 1606 2424 inflatum,
1620 2379 1699 2414 aut
1716 2371 2053 2427 cylindraceum
2072 2371 2189 2413 elon-

535 2465 705 2514 gatum.

685 2615 718 2654 1.
750 2609 1183 2654 DORYCNIUM
1212 2606 1839 2651 ERIOPHTHALMUM.
1871 2606 1991 2648 Noss.

533 2735 571 2766 D.
588 2732 681 2765 caule
696 2730 880 2772 fruticoso,
900 2727 1020 2761 foliolis
1035 2726 1201 2767 obovatis,
1218 2725 1404 2770 apiculatis,
1424 2724 1491 2757 basi
1509 2725 1700 2767 attenuatis,
1717 2724 1966 2767 subsessilibus,
1981 2724 2127 2770 glabris,
2143 2725 2196 2757 sti-

482 2806 568 2852 pulis
583 2802 942 2851 angulato-rotuudatis
958 2801 1010 2835 vel
1034 2798 1266 2834 rliomboidcis
1282 2809 1452 2842 geminam
1473 2797 1614 2830 lunatam
1642 2798 1674 2830 iu
1699 2798 1804 2831 axillis
1829 2797 2045 2840 foventibus,
2068 2796 2195 2843 pedun—

481 2880 564 2913 culis
583 2877 716 2925 petiolis
735 2875 906 2921 subdupli)
931 2873 1163 2920 longioribus,
1181 2871 1302 2918 calyeis
1321 2871 1480 2904 dentibus
1493 2870 1767 2916 subsequatibus‚
1787 2871 1858 2905 basi
1874 2871 2086 2913 lanceolatis,
2103 2870 2196 2916 apice

482 2952 657 2994 subulatis,
672 2951 759 2984 intus
779 2949 874 2983 hirtis
889 2961 898 2991 3
913 2948 1039 2982 corolla
1058 2947 1169 2993 calyce
1186 2946 1291 2992 duplo
1313 2945 1482 2991 longiore,
1498 2945 1557 2978 alis
1573 2945 1884 2979 lanceolato-ovatis
1898 2973 1905 2988 ,
1920 2945 2013 2991 apice
2034 2943 2195 2977 rotunda-

484 3027 545 3068 tis,
562 3023 732 3070 legumine
749 3020 972 3068 cylindraceo,
994 3019 1106 3066 calyce
1126 3018 1318 3065 quadruplo
1338 3018 1502 3064 longiore.
