2432 3969
1190 514 1327 559 (38)

430 609 494 634 Oss.
510 609 580 634 Hanc
598 608 705 639 speciem
718 606 732 631 a
743 609 862 637 sequente
874 606 900 630 in
911 606 1034 630 herbariis
1049 612 1182 630 secernere
1197 612 1247 630 non
1260 611 1357 636 semper
1371 605 1441 629 facile
1457 606 1510 633 est,
1526 604 1568 628 sed
1584 604 1658 628 iacies
1672 604 1773 634 utrique
1787 609 1830 627 sua
1842 620 1847 631 ,
1861 603 1960 634 vivique
1974 603 2114 628 distinctis-

398 667 464 691 simi.
476 667 582 691 Generis
594 666 659 690 enim
672 666 747 695 huJus
761 668 811 688 tam
824 663 895 689 valde
910 663 1045 693 naturalis,
1058 667 1083 688 et
1097 664 1122 688 Τ.
1135 662 1276 694 praesertim
1288 664 1441 687 candicantis
1454 662 1587 692 manipuli,
1599 661 1693 692 species
1706 660 1845 686 arctissime
1861 665 1972 691 cognatae
1984 662 2113 686 characte-
2133 686 2135 688 ,

399 725 467 749 ribus
479 723 598 748 technieis
610 724 650 748 vix
663 722 720 746 ullis
730 740 736 751 ‚
749 722 787 746 vel
804 721 874 745 tectis
885 722 1038 752 occultisque
1049 740 1054 750 ,
1070 721 1233 746 dirimuntur.
1246 721 1303 746 Non
1314 721 1478 744 dubitandum
1492 723 1576 744 autem
1588 722 1626 743 est
1638 725 1667 743 ex
1685 719 1894 750 descriptionibus
1907 722 2036 744 auctorum
2050 720 2114 743 hunc

398 788 484 807 verum
494 782 607 804 omnium
619 786 673 804 esse
690 779 800 808 Cytisum
813 779 851 804 vel
866 779 991 803 Geminam
1009 779 1197 809 Canariensem,
1212 785 1261 802 non
1275 781 1359 802 autem
1377 778 1517 806 Candollei‚
1535 778 1577 808 qui
1595 777 1653 801 cum
1670 777 1838 802 prodromum
1858 778 1970 807 scripsit,
1988 777 2114 807 sequentis

397 843 455 863 ante
467 839 551 863 oculos
563 837 698 868 specimina
713 837 829 862 habebat.
843 837 889 861 Est
899 843 998 868 quoque
1011 835 1149 861 certissime
1164 836 1323 861 Cavanillesii
1341 837 1468 866 spartium
1486 836 1604 864 tithicam,
1620 839 1648 859 ut
1664 835 1738 859 fidem
1751 834 1809 858 facit
1825 834 1971 858 herbarium
1990 834 2114 858 Brousso-

398 896 692 922 netianum.1bidicitur
711 896 804 920 Codeso
819 902 864 926 pro
887 895 980 919 Codezo
996 895 1092 927 utfelis
1112 902 1157 926 pro
1175 896 1253 925 fem,
1273 893 1307 919 ita
1323 895 1391 919 enim
1413 894 1522 919 litteram
1542 894 1675 918 distortam
1691 891 1822 923 proferunt
1841 891 2016 917 Canarienses.
2040 891 2115 916 Nobis

396 953 504 986 denique
521 955 621 979 Genista
632 957 686 979 erat
698 953 757 977 olim
775 953 920 983 rhodopnoa
930 954 960 977 ob
978 953 1155 978 suavissimum
1165 959 1241 983 quem
1254 951 1303 977 late
1314 952 1420 977 effundit
1433 959 1547 977 rosarum
1560 952 1675 979 halitum,
1696 953 1826 981 gestamen
1839 951 1906 974 enim
1924 949 2021 973 itineris
2035 951 2113 973 nostri

397 1018 421 1038 et
432 1013 588 1038 consiliarius
602 1015 656 1037 erat
672 1011 821 1036 Prodromus
834 1010 1030 1040 Candolleanus,
1046 1017 1154 1041 quocum
1166 1017 1211 1041 pro
1224 1011 1253 1035 G.
1269 1010 1411 1034 Canariensi
1429 1010 1454 1033 T.
1466 1009 1597 1034 habuimus
1608 1008 1812 1038 ramosissimum,
1827 1006 1893 1032 unde
1905 1013 1967 1032 nova
1981 1007 2052 1031 nobis
2065 1007 2114 1031 1η(-

397 1074 448 1096 visa
460 1072 492 1096 sit
502 1073 604 1102 species.

983 1210 1281 1241 EXPLicATio
1320 1211 1422 1240 TAB.
1457 1201 1522 1240 41.

754 1325 1056 1374 (GENISTA
1104 1324 1545 1361 CANARIENSIS.
1603 1324 1748 1370 Lirin.)

450 1439 478 1460 1.
500 1429 627 1461 Ramus
643 1425 798 1460 floridus.
820 1438 854 1460 2.
873 1425 1037 1461 Ramulus
1061 1425 1224 1469 fructifer,
1243 1432 1388 1471 uterque
1415 1424 1648 1472 magnitudine
1676 1424 1842 1466 naturali,
1863 1423 1982 1470 figurae
2001 1432 2115 1458 autem

396 1512 516 1534 omnes
541 1508 721 1546 sequentes
737 1499 970 1547 magnitudine
988 1505 1094 1534 auctae
1118 1507 1209 1533 sunt.
1234 1497 1267 1532 3.
1290 1499 1390 1532 Rami
1406 1505 1644 1545 segmentum,
1665 1505 1702 1531 ut
1722 1498 1829 1531 forma
1847 1497 1918 1544 ejus
1936 1506 2115 1544 appareat,

395 1573 447 1607 cui
462 1572 636 1607 adhaerent
654 1572 786 1619 stipulae
800 1580 836 1607 et
848 1572 980 1606 folium.
999 1571 1034 1616 4.
1055 1572 1133 1606 Flos
1150 1583 1229 1605 cum
1243 1571 1379 1606 bractea
1394 1579 1427 1605 et
1444 1571 1627 1606 bracteola.
1645 1569 1680 1605 5.
1696 1571 1775 1605 Flos
1786 1570 1903 1616 junior
1916 1571 1993 1604 cum
2011 1569 2116 1605 modo

396 1646 609 1694 expanditur,
621 1646 780 1692 supinus,
794 1652 831 1680 ut
843 1653 1028 1693 appareant
1040 1645 1175 1679 bractea
1189 1652 1223 1677 et
1240 1644 1421 1679 bracteolae
1435 1644 1583 1692 calycem
1597 1644 1825 1679 suffulcientes
1840 1652 1874 1678 et
1884 1643 1995 1678 adhuc
2008 1656 2117 1690 aequa-

397 1721 457 1754 les.
479 1719 513 1753 6.
533 1719 629 1754 Idem
644 1719 764 1753 visusa
780 1718 896 1753 dorso.
913 1732 946 1766 7.
968 1718 1087 1766 Calyx.
1104 1718 1139 1753 8.
1161 1717 1346 1752 Vexillum.
1370 1730 1403 1764 9.
1425 1717 1494 1752 Alae
1520 1730 1597 1752 cum
1623 1718 1745 1752 carinae
1765 1717 1896 1752 laminis
1916 1718 2112 1764 segregatis.

402 1805 455 1827 10.
477 1793 666 1827 Staminum
689 1793 809 1839 vagina
832 1792 940 1826 excisa
957 1799 992 1825 et
1007 1799 1079 1825 arte
1096 1798 1225 1837 aperta.
1251 1803 1306 1824 ιι.
1329 1791 1478 1825 Stamina
1502 1791 1667 1838 pistillum
1692 1791 1852 1826 foventia.
1876 1804 1930 1825 12.
1947 1791 2115 1825 Pistillum

397 1865 492 1900 valde
504 1872 641 1899 auctum
652 1873 698 1899 ‘ut
713 1872 874 1913 appareat
890 1865 1055 1912 stigmatis
1078 1864 1198 1899 forma.
1221 1863 1273 1897 13.
1289 1866 1465 1911 Legumen
1491 1872 1650 1911 apertum
1676 1872 1712 1898 ut
1732 1864 1859 1898 semina
1883 1864 2041 1898 funiculis
2058 1875 2115 1910 ap—

397 1951 499 1986 pensa
522 1938 710 1973 videantur.
740 1938 791 1983 14.
821 1940 954 1973 Semen.
982 1939 1033 1974 15.
1057 1938 1150 1972 Idem
1172 1950 1358 1973 reversum.
1383 1938 1438 1973 16.
1455 1938 1599 1972 Seminis
1617 1937 1721 1972 sectio
1742 1937 1909 1972 verticalis
1932 1949 2010 1972 eum
2041 1949 2114 1971 em-

398 2013 529 2061 bryone
548 2011 726 2060 chlamyde
744 2012 985 2059 perispermica
1004 2011 1171 2046 involuto.
1196 2024 1248 2059 17.
1270 2011 1434 2059 Ejusdem
1454 2011 1557 2046 sectio
1575 2010 1805 2046 horizontalis.

742 2175 778 2215 3.
840 2170 1091 2214 TELINE
1121 2169 1603 2215 RAMOSISSIMA.
1649 2172 1770 2215 Non.

448 2295 490 2327 T.
510 2293 706 2335 frutescens,
721 2299 894 2338 congesta,
910 2291 1262 2338 sericeo-pubescens,
1286 2291 1388 2325 ramis
1406 2291 1573 2337 plurimis,
1590 2292 1715 2326 striatis
1731 2318 1739 2334 ,
1757 2291 1915 2334 nodosis,
1934 2291 2095 2326 brevibus
2108 2318 2116 2332 ,

399 2366 598 2409 divaricatis,
616 2364 807 2412 junioribus
827 2366 985 2411 appresse
1005 2363 1291 2411 pubescentibus3
1311 2364 1400 2398 foliis
1415 2364 1557 2409 crebris,
1576 2365 1710 2412 petiolis
1726 2365 1801 2399 latis
1817 2364 2000 2408 brevibus3
2016 2365 2114 2399 folio-

399 2440 438 2473 lis
457 2439 563 2473 ovatis
579 2465 587 2481 ‚
604 2437 729 2480 acutis,
744 2437 796 2472 vel
821 2436 1035 2480 obcordatis,
1055 2437 1128 2471 basi
1146 2437 1198 2471 vix
1216 2438 1398 2472 attenuatis
1414 2465 1422 2480 ,
1441 2439 1555 2485 parvis
1568 2466 1576 2482 ‚
1593 2438 1841 2482 crassiusculis,
1858 2438 1935 2485 pilis
1951 2439 2118 2485 appressis

398 2511 663 2558 pubescentibus
677 2538 685 2554 ,
704 2512 804 2558 supra
825 2510 1019 2557 subglabris
1035 2511 1244 2556 virentibu53
1265 2512 1365 2558 spicis
1392 2511 1575 2556 brevibus,
1603 2512 1781 2555 secundis;
1803 2511 1946 2546 bracteis
1964 2512 2116 2546 bracteo-

399 2587 506 2632 lisque
522 2584 872 2627 lineari-lanceolatis;
897 2584 1008 2631 calyce
1028 2584 1255 2631 pubescente3
1271 2585 1394 2619 vexillo
1411 2585 1594 2620 orbiculari
1609 2613 1617 2627 ,
1637 2584 1854 2628 subhirsuto‚
1874 2585 1934 2619 atis
1948 2584 2038 2632 pube
2055 2597 2115 2630 ap-

398 2661 512 2706 pressa
525 2658 700 2701 velutinis,
712 2658 832 2691 carinae
848 2658 941 2704 apice
956 2657 1103 2691 dilatatae
1120 2657 1259 2692 hirsutae
1274 2657 1487 2705 longitudine
1502 2671 1511 2702 3
1531 2657 1619 2705 stylo
1635 2658 1779 2704 superne
1796 2656 1948 2701 dilatato,
1961 2658 2116 2703 stigmate

398 2732 554 2778 capitato,
566 2730 760 2765 anti-orsum
774 2730 913 2774 declivi,
925 2730 1065 2765 demum
1081 2731 1285 2775 retroflex03
1304 2730 1533 2777 leguminibus
1546 2730 1709 2777 angustis,
1725 2729 1873 2764 velutine
1886 2730 2015 2776 pilosis,
2033 2730 2114 2764 sub-

400 2805 523 2839 inflatis
538 2817 547 2849 3
560 2803 747 2839 seminibus
757 2804 1128 2852 ovalo-pyriformibus,
1144 2804 1261 2850 nigris,
1277 2803 1480 2838 subnubilis.
1967 2796 1969 2798 ¹

438 2877 557 2917 Cytisus
567 2877 801 2912 ramosissimus;
819 2877 919 2913 Poirl,
936 2877 1054 2916 Encycl.
1068 2877 1178 2916 suppl„
1193 2877 1243 2905 vol.
1261 2878 1290 2912 2,
1300 2888 1371 2916 pag.
1384 2875 1454 2912 440,
1469 2876 1580 2913 (1811).

439 2942 557 2982 Cytisus
565 2941 762 2980 paniculatus.
774 2942 841 2970 Lois
851 2943 862 2972 l
871 2943 965 2971 Νοιιν.
981 2942 1118 2979 Dabam„
1128 2952 1195 2980 pag.
1211 2941 1281 2978 148,
1295 2951 1382 2970 num.
1394 2943 1424 2978 6,
1438 2942 1550 2979 (1812),
1563 2951 1598 2970 ex
1607 2940 1715 2970 scheda
1730 2940 1907 2980 idiographa
1928 2940 2014 2970 herb.
2033 2940 2114 2970 Desi.

437 3008 560 3038 Genista
574 3007 769 3036 Canariensis.
791 3007 870 3043 DC„
889 3007 1003 3042 prodr„
1015 3006 1067 3035 vol.
1081 3007 1112 3043 2,
1125 3017 1196 3045 pag.
1216 3006 1283 3043 145,
1301 3006 1375 3036 excl.
1393 3017 1458 3046 syn.

440 3072 559 3101 Gildana
571 3072 632 3100 sive
647 3071 773 3100 Gildana
784 3069 1026 3100 Nivariensium.
