2432 3969
1253 501 1419 548 (1612)

736 727 940 776 TRIB.
1000 725 1104 776 VJ.
1184 720 1674 773 DAUCINEAE.
1751 719 1943 770 Kocn.

1057 886 1209 936 DAU
1224 884 1388 936 CUS.
1450 884 1613 934 LINN.

530 1022 676 1066 CALYx
697 1037 856 1078 margo
876 1021 1113 1064 obsoletus.
1134 1016 1309 1062 PETALA
1332 1019 1525 1061 obovata
1541 1052 1549 1070 ,
1565 1018 1870 1074 emarginata,
1888 1015 2040 1059 biloba
2056 1049 2064 1067 ,
2081 1014 2196 1058 lobis

472 1104 789 1163 inaequalibus,
805 1119 910 1146 cum
930 1102 1125 1145 lacinula
1144 1101 1271 1144 brevi
1293 1099 1466 1143 inflexa.
1484 1100 1656 1142 FLonEs
1678 1100 1851 1142 externi
1873 1098 2059 1150 steriles,
2082 1098 2194 1140 inte—

474 1189 612 1231 riores
629 1186 796 1230 sertiles
814 1202 820 1226 ;
842 1186 919 1228 flos
938 1186 987 1226 in
1003 1190 1162 1227 centro
1178 1181 1390 1224 umbellae
1409 1182 1639 1238 fungosus,
1657 1180 1904 1232 abortivus,
1923 1180 2192 1235 nigrescens.

471 1269 672 1312 FRUCTus
686 1269 710 1310 a
727 1268 860 1310 dorso
875 1266 1253 1322 subcompressus,
1269 1262 1660 1318 ovato-oblongus.
1680 1262 1952 1305 MERICARPIA
1964 1263 2082 1319 jugis
2101 1262 2195 1318 pri-

472 1351 625 1393 mariis
649 1354 697 1399 5,
720 1349 943 1398 sctulosis,
968 1345 1296 1395 2-late1·alibus,
1317 1345 1428 1387 facie
1453 1344 1783 1387 commissurali
1812 1344 2048 1401 impositis,
2076 1343 2197 1400 jugis

470 1431 745 1475 secundariis
765 1434 789 1472 [ι
811 1430 953 1486 magis
973 1428 1236 1486 conspicuis,
1257 1426 1485 1475 aculeatis,
1507 1425 1668 1468 aculeis
1686 1440 1809 1467 nunc
1829 1424 2065 1468 latioribus
2081 1424 2197 1468 basi-

469 1530 557 1570 que
579 1511 935 1561 cohaerentibus,
962 1510 1084 1553 unde
1116 1509 1235 1566 jugae
1260 1509 1369 1550 vero
1397 1507 1524 1549 alatae
1549 1507 1946 1563 (Platyspermum,
1976 1505 2193 1557 Hoffm.),

470 1610 598 1638 nunc
614 1594 670 1636 ad
692 1593 820 1636 basin
838 1592 979 1649 usque
997 1591 1185 1649 partitis.
1200 1590 1467 1632 VALLECULAE
1482 1589 1567 1633 sub
1583 1588 1701 1646 jugis
1722 1589 1996 1632 secundariis
2016 1589 2192 1631 univit-

471 1685 589 1720 tatae.
617 1676 768 1720 SEMEN
797 1675 1163 1733 complanatum,
1190 1673 1355 1731 postice
1382 1673 1796 1716 convexiusculum.
1829 1672 1954 1716 STYLI
1987 1673 2192 1725 recurvi,

471 1758 761 1816 stigmatibus
786 1758 1001 1815 capitatis.
1028 1755 1327 1799 STYLOPoDmM
1356 1754 1637 1811 depressum,
1656 1756 1861 1811 margine
1887 1755 2193 1798 crenulatum.

528 1841 730 1884 HAsslrus.
753 1840 927 1883 Plantae
961 1839 1229 1896 plerumque
1260 1838 1457 1881 biennes.
1474 1836 1624 1881 Caulis
1651 1844 1846 1888 erectus,
1870 1852 2099 1888 ramosus,
2118 1851 2196 1880 sae-

471 1924 571 1980 pius
589 1921 754 1966 scaber.
774 1920 898 1964 Folia
925 1919 1227 1977 decomposita
1240 1953 1250 1969 ,
1269 1919 1430 1962 foliolis
1454 1919 1752 1976 pinnatifidis,
1772 1926 1852 1961 aut
1872 1918 2197 1962 inciso-denta-

472 2006 540 2048 tis.
560 2004 863 2047 Involucrum
878 2001 1132 2044 universale
1156 2001 1490 2058 polyphylluni,
1508 2000 1668 2043 foliolis
1690 2000 1854 2053 divisis,
1870 1999 2072 2042 umbella
2093 1999 2198 2043 bre·

471 2086 686 2136 vioribns,
704 2084 778 2128 sed
796 2085 902 2127 raro
922 2082 1214 2140 longioribus.
1232 2083 1506 2127 Involucella
1523 2082 1799 2140 polyphylla,
1818 2082 1979 2126 foliolis
1995 2083 2198 2139 plerum-

472 2169 560 2225 que
581 2167 782 2210 indivisis
803 2167 871 2210 vel
897 2166 1066 2208 trifidis.
1093 2164 1247 2208 Flores
1273 2164 1363 2207 albi
1391 2166 1461 2208 vel
1491 2165 1617 2215 ssavi,
1634 2165 1705 2208 vel
1731 2164 1822 2207 albi
1839 2171 1884 2207 et
1904 2165 2196 2209 exsiccatione

473 2251 768 2293 flavescentes.
788 2247 893 2291 Flos
910 2248 960 2289 in
978 2247 1127 2289 medio
1146 2245 1357 2289 umbellae
1380 2246 1633 2298 abortivus,
1647 2261 1861 2290 carnosus
1874 2282 1883 2299 ,
1895 2263 1947 2290 ex
1965 2263 2197 2305 purpureo

474 2333 738 2388 nigrescens.
754 2329 979 2372 Umbellae
997 2329 1241 2372 fructiferae
1258 2335 1310 2370 ut
1327 2329 1584 2386 plurimum
1603 2344 1823 2372 concavae.

817 2506 1092 2551 DAUCUS
1142 2506 1650 2550 PARVIFLORUS.
1698 2507 1852 2549 Dsssr.

523 2632 568 2664 D.
589 2629 683 2663 caule
711 2635 847 2671 erecto,
865 2627 1007 2674 scabr03
1023 2627 1108 2661 foliis
1128 2627 1312 2674 bipinnatis
1327 2654 1334 2670 ,
1352 2627 1475 2660 foliolis
1502 2625 1707 2673 pinnatifidis
1733 2625 1841 2660 incisis
1855 2653 1863 2669 ,
1888 2625 2053 2660 involucri
2073 2625 2198 2660 foliolis

475 2701 696 2750 pinnatifidis‚
712 2700 864 2744 reflexis,
882 2700 1031 2734 umbella
1051 2700 1281 2744 brevioribus,
1301 2700 1508 2734 involuccllis
1528 2700 1738 2746 simplicibus
1750 2700 1802 2734 vel
1822 2699 1963 2743 trifidis,
1982 2700 2105 2734 aculeis
2124 2699 2199 2733 brc-

476 2775 617 2809 vissimis
632 2775 725 2821 apice
745 2772 1145 2820 glochidato-stellulalis.

513 2847 634 2877 Daucus
645 2847 832 2886 parviflorus.
853 2847 947 2887 Desf,
958 2847 1004 2876 Fl.
1024 2847 1088 2883 all„
1104 2847 1158 2876 vol.
1181 2849 1209 2882 1,
1223 2858 1291 2886 pag.
1304 2848 1373 2881 ΞΜ,
1391 2847 1445 2875 lab.
1463 2847 1510 2877 60.
1526 2864 1562 2868 -
1575 2847 1656 2882 DC„
1669 2846 1787 2883 prodr„
1802 2846 1851 2875 vol.
1870 2845 1900 2882 4,
1913 2857 1983 2885 pag.
1998 2847 2066 2874 211.
2079 2861 2117 2867 —
2130 2846 2199 2874 Ber-

475 2914 535 2950 !ol.,
552 2913 598 2941 Fl.
618 2913 693 2950 ital„
705 2912 758 2941 vol.
773 2913 803 2949 2,
813 2923 883 2952 pag.
898 2912 963 2941 159.

522 2981 606 3013 ΗΑΒ.
645 2980 683 3012 In
722 2979 850 3026 campis
885 2977 1085 3012 elatioribus
1111 2984 1144 3010 et
1176 2976 1216 3011 ad
1251 2977 1421 3024 margines
1447 2989 1609 3023 agrorum
1635 2978 1826 3012 Tenerisfae.
1857 2980 1894 3012 In
1921 2978 2062 3012 Canaria
2083 2976 2198 3023 (Des-

467 3051 652 3100 pre'aux).
