2432 3969
968 484 1137 556 (347)

188 602 382 636 Etesiomm
403 602 504 635 ssatus
520 614 526 635 :
553 602 627 635 fons
645 614 783 649 quoque
804 603 860 648 qui
880 611 955 648 post
974 602 1123 637 domina:
1142 598 1405 645 Beatricis(q11ae
1424 609 1513 631 nuuc
1529 596 1721 630 Pnlmarum
1741 593 1911 628 Mareliio-

189 675 254 721 nis)
267 674 409 709 domum
429 688 514 721 pago
533 676 604 722 ipso
624 676 836 709 altiusculus.
860 691 871 705 u
888 675 1003 709 Webb
1021 675 1053 708 in
1077 674 1140 707 litt.

230 747 336 777 Descn.
354 747 584 777 SUFFRUTICULUS
600 746 818 787 sesquipedalis
830 770 837 784 ,
849 753 1144 782 cauo-tolnentosuS‚
1157 745 1248 774 dense
1263 744 1385 774 foliatus
1397 767 1403 780 ,
1417 743 1560 783 corymbo
1575 740 1705 780 simplici
1722 740 1914 770 terminatus.

190 811 291 842 Cauiis
313 813 514 852 speciminum
538 823 598 841 non
618 814 807 852 integrorum
828 813 919 841 10-17
934 811 1008 850 poll.
1033 811 1131 847 altus,
1149 810 1266 839 inferne
1287 811 1299 837 1
1317 809 1395 840 1s2-<2
1418 808 1470 836 lin.
1489 807 1639 835 diametro
1653 806 1800 841 metiens,
1816 811 1916 841 teres,

188 877 271 917 ligno
286 877 375 915 duro,
387 876 468 912 albo,
483 876 717 906 subflavescente
728 900 735 912 ‚
753 875 895 905 medullae
911 875 1049 916 cylindro
1063 876 1147 905 tenui
1163 884 1306 914 percurso
1318 896 1325 909 ,
1341 873 1451 901 cortice
1466 871 1577 910 plantae
1592 871 1719 909 junioris
1733 870 1839 904 tenui,
1852 868 1918 908 gla-

188 943 253 975 bro,
266 941 450 971 dilutissime
465 941 779 976 flaventi-virescente,
792 941 887 970 serius
898 942 969 970 vero
981 941 1134 977 crassiore,
1148 939 1246 969 dilute
1262 938 1402 968 brunneo
1413 944 1443 966 et
1455 938 1580 971 rimoso,
1591 946 1661 964 cum
1673 935 1756 974 ligno
1771 933 1917 974 insipido,

190 1014 328 1037 tomento
342 1007 435 1036 denso
449 1006 571 1035 obtecto
586 1016 736 1044 pannoso,
749 1005 835 1035 facile
850 1006 1034 1046 detergendo
1044 1030 1051 1042 ,
1065 1006 1136 1036 albo
1146 1029 1154 1042 ,
1168 1016 1252 1035 more
1267 1004 1407 1044 plurium
1429 1003 1573 1041 stirpium
1588 1001 1810 1030 canariensium
1828 1001 1844 1029 e
1859 999 1918 1029 filis

192 1077 332 1101 contexto
348 1069 491 1099 tenuibus
501 1092 508 1104 ,
527 1069 641 1108 crispis.
663 1068 754 1098 FomA
769 1069 888 1099 canlina
902 1072 1151 1100 numerosissima
1171 1079 1200 1100 et
1222 1070 1442 1100 confertissima
1456 1090 1463 1104 ,
1484 1068 1526 1096 ita
1542 1074 1578 1096 ut
1593 1076 1691 1094 unum
1705 1064 1744 1093 ab
1759 1065 1853 1094 altero
1867 1065 1919 1094 vix

193 1138 212 1166 2
232 1136 287 1166 lin.
308 1135 420 1172 distet,
438 1140 469 1163 et
489 1144 635 1163 numerus
656 1134 802 1163 foliorum
823 1134 1014 1174 longitudine
1030 1139 1041 1165 1
1058 1136 1133 1175 poll.
1147 1135 1225 1165 cauli
1243 1136 1403 1165 affixorum
1424 1134 1474 1162 vix
1490 1132 1581 1160 statui
1597 1130 1692 1169 possit
1703 1152 1711 1166 ,
1723 1129 1803 1158 linea
1818 1128 1920 1167 spirali

195 1200 348 1240 disposita,
361 1198 542 1238 corymbum
553 1198 658 1227 versus
673 1199 788 1228 minora
803 1199 961 1228 evadentia
976 1207 1006 1230 et
1024 1203 1120 1240 magis
1135 1200 1279 1230 distantia
1290 1223 1297 1236 ,
1311 1199 1398 1229 basin
1409 1198 1513 1228 versus
1529 1197 1622 1226 etiam
1638 1195 1731 1235 paulo
1747 1194 1924 1224 decrescen-

195 1266 236 1294 tia
251 1263 304 1294 sed
318 1263 420 1293 adhuc
435 1262 673 1299 confertissima,
689 1264 742 1292 1-2
757 1264 807 1301 1s2
823 1263 866 1302 pl.
879 1265 899 1293 2
913 1264 986 1303 poll.
1002 1264 1108 1305 longa,
1123 1266 1205 1294 1.s2-5
1216 1265 1271 1294 lin.
1287 1264 1356 1300 lata,
1369 1263 1495 1303 anguste
1507 1262 1644 1297 linearia,
1656 1261 1747 1299 supra
1762 1258 1922 1288 arachnoi—

195 1329 261 1365 dea,
272 1329 342 1358 dein
356 1327 461 1368 glabra
475 1334 505 1356 et
520 1326 643 1363 viridia,
656 1328 791 1366 margine
806 1327 955 1366 revoluta,
968 1329 1046 1358 infra
1061 1336 1200 1359 tomento
1215 1329 1284 1359 albo
1300 1328 1444 1364 obducta,
1459 1326 1583 1363 sessilia,
1595 1326 1713 1365 apicem
1725 1323 1828 1353 versus
1841 1330 1919 1353 atte-

197 1402 290 1425 nuata
304 1401 334 1424 et
349 1395 434 1433 spinei
449 1394 612 1422 terminata
624 1393 701 1424 1-5l4
716 1393 769 1424 lin.
786 1393 873 1433 longa
884 1417 892 1430 ‚
902 1394 1004 1434 glabr-:⁴1
1015 1418 1024 1432 ,
1034 1395 1257 1424 brunnescente
1271 1406 1298 1424 v.
1313 1394 1435 1423 albente
1446 1417 1453 1429 ,
1466 1399 1628 1432 pungente.
1644 1391 1799 1420 Fomomm
1815 1399 1920 1429 margo

195 1460 238 1500 pl.
258 1461 385 1499 integer,
405 1469 467 1488 non
489 1460 557 1488 raro
574 1459 646 1488 vero
668 1459 763 1497 spinis
784 1458 939 1487 terminali
961 1458 1114 1489 similibus
1125 1482 1133 1496 ,
1145 1459 1198 1488 sed
1214 1458 1386 1488 minoribus
1401 1458 1542 1486 munitus
1557 1463 1601 1485 est
1616 1467 1646 1486 n.
1666 1458 1735 1485 1-10
1752 1455 1876 1484 alternis
1891 1465 1922 1484 v.

196 1526 355 1565 oppositiS,
368 1525 491 1554 arrectis
505 1524 568 1553 imo
584 1533 668 1552 more
683 1523 769 1552 Cirsii
782 1522 938 1559 soliorum,
952 1523 1138 1563 quandoque
1153 1523 1191 1552 ad
1205 1523 1293 1552 basin
1306 1523 1424 1561 spinam
1439 1522 1591 1550 minorem
1606 1520 1803 1549 observamus
1814 1521 1925 1549 intror-

196 1601 270 1620 sam.
283 1589 387 1619 CAULis
401 1599 482 1618 nunc
497 1588 644 1627 simplex,
660 1598 740 1617 nunc
754 1588 793 1617 ad
808 1589 947 1618 medium
962 1589 994 1617 in
1009 1599 1132 1617 ramum
1149 1587 1266 1617 divisus
1286 1586 1379 1616 simili
1396 1586 1489 1615 modo
1499 1608 1508 1622 ‚
1526 1587 1573 1614 uti
1588 1584 1682 1613 caulis
1695 1585 1862 1623 primarius
1874 1607 1882 1621 ,
1895 1595 1925 1614 se

196 1655 371 1685 habentem.
394 1653 544 1683 Coarimus
562 1653 601 1682 ad
621 1653 715 1682 caulis
735 1655 853 1692 apicem
876 1654 974 1682 oriens
989 1653 1030 1692 pl.
1047 1655 1105 1687 3-[1
1117 1676 1125 1688 ‚
1139 1652 1237 1682 rarius
1259 1650 1437 1690 5-cephalus
1449 1674 1456 1687 ,
1468 1658 1499 1679 et
1516 1657 1588 1679 tunc
1603 1660 1706 1678 ramus
1721 1649 1847 1678 inferior
1862 1650 1926 1678 sine

196 1720 330 1759 capitulo
344 1721 362 1749 3
378 1719 451 1758 poll.
466 1719 558 1755 altus,
569 1718 608 1747 ad
622 1718 762 1747 medium
776 1719 808 1747 in
822 1718 980 1747 ramulum
995 1718 1074 1754 abit,
1088 1719 1153 1747 sine
1167 1718 1300 1756 capitulo
1314 1718 1362 1748 5f'4
1374 1716 1449 1756 poll.
1464 1716 1602 1756 longum,
1615 1726 1678 1755 quo
1689 1714 1853 1755 corymbus
1867 1716 1930 1744 ori-

197 1792 248 1814 tur
258 1785 455 1823 compositus.
469 1785 547 1813 Raro
559 1793 661 1812 ramus
672 1794 701 1813 v.
715 1783 810 1812 caulis
825 1783 958 1822 capitulo
972 1784 1165 1818 terminatur,
1179 1784 1211 1812 in
1226 1782 1444 1822 speciminibus
1460 1783 1569 1811 macris
1580 1804 1588 1818 ‚
1601 1781 1747 1812 solitario.
1768 1781 1927 1811 Panicum

196 1851 228 1879 in
242 1851 290 1879 axi
304 1849 468 1885 foliorum,
482 1849 610 1878 caulinis
624 1848 821 1888 analogorum
839 1849 971 1877 orientes
983 1871 990 1883 ,
1003 1849 1076 1877 8-12
1094 1847 1147 1879 lin.
1162 1848 1325 1888 longorum
1346 1855 1376 1877 et
1395 1848 1521 1886 insuper
1538 1846 1619 1876 soliis
1638 1846 1748 1876 iisdem
1763 1846 1816 1875 sed
1835 1845 1927 1885 paulo

195 1914 366 1944 minoribus
381 1925 411 1943 n.
426 1915 498 1944 9-12
513 1913 569 1943 sub
584 1913 743 1943 involucro
756 1912 900 1942 confertis
915 1913 1157 1949 muniti,teretes
1173 1913 1230 1942 sub
1246 1912 1406 1942 involucro
1419 1912 1550 1948 dilatati,
1563 1913 1628 1940 sine
1638 1911 1778 1950 capitulis
1788 1912 1926 1951 2s3-21s3

195 1980 269 2020 poll.
286 1980 379 2019 longi.
396 1979 537 2008 Cimm
553 1989 672 2018 semper
686 1986 796 2017 erecta,
812 1979 956 2018 speciosa,
972 1978 1151 2008 multiflora.
1169 1979 1361 2009 INvotucnum
1378 1978 1647 2018 hemispliaericum
1658 2000 1666 2014 ‚
1678 1977 1729 2006 4-5
1744 1977 1798 2008 lin.
1816 1977 1927 2014 altuni,

196 2052 419 2083 tomentosum,
436 2045 562 2083 durum,
575 2044 786 2082 muldseriale,
800 2044 998 2074 imbricatmn
1007 2067 1014 2079 ‚
1027 2043 1091 2073 basi
1103 2044 1185 2074 foliis
1199 2044 1356 2073 nonnullis
1367 2067 1376 2081 ,
1392 2043 1520 2073 caulinis
1535 2043 1683 2082 analogis,
1701 2042 1927 2072 bracteifornii-

198 2110 256 2140 bus
278 2111 437 2140 munitum
456 2110 625 2139 linearibus
636 2133 644 2147 ,
660 2110 801 2139 coriaceis
813 2132 819 2144 ‚
841 2110 928 2148 spina
947 2109 1118 2138 terminatis
1139 2116 1169 2137 et
1188 2108 1374 2147 quandoque
1388 2107 1427 2136 ad
1442 2109 1611 2147 marginem
1627 2108 1755 2146 spinosis
1770 2109 1883 2136 sensim
1897 2108 1929 2135 in

198 2176 360 2213 involucri,
375 2175 459 2216 quod
474 2175 660 2215 quandoque
673 2182 818 2214 superant
830 2198 837 2212 ‚
849 2186 988 2215 squamas
1002 2175 1233 2205 transeuntibus
1245 2188 1252 2210 ;
1269 2185 1403 2214 squamae
1418 2175 1538 2204 extimae
1552 2176 1677 2214 anguste
1692 2174 1832 2210 lineares,
1845 2174 1928 2213 apice

199 2243 336 2281 spinosae,
349 2241 429 2271 foliis
441 2240 582 2280 pedicclli
595 2239 804 2280 superioribus
819 2239 982 2269 simillimae
992 2262 999 2273 ‚
1011 2238 1063 2268 sed
1078 2239 1264 2278 angustiores
1279 2245 1310 2268 et
1321 2239 1475 2268 breviores
1484 2261 1492 2275 ,
1504 2245 1663 2278 sequentes
1677 2238 1832 2268 breviores
1843 2261 1850 2274 ,
1863 2238 1927 2268 basi

197 2307 332 2342 latiores,
349 2306 668 2341 lanceolam-lineares,
685 2307 823 2345 spinosas,
840 2305 984 2344 proximae
998 2304 1286 2340 ovato-lanceolatae,
1301 2305 1438 2343 spinosae,
1453 2304 1672 2343 subsequentes
1687 2303 1833 2344 oblongae,
1843 2306 1927 2344 apice

198 2373 230 2402 in
254 2371 453 2410 appendicem
475 2377 636 2410 angustam
647 2392 655 2408 ,
678 2370 813 2410 margine
836 2369 1109 2399 lacero-dentatam
1121 2391 1129 2405 ‚
1150 2379 1288 2408 expansae
1300 2392 1307 2404 ‚
1330 2370 1415 2408 spina
1438 2371 1564 2398 recurva
1589 2370 1787 2399 terminatam
1814 2376 1845 2398 et
1872 2379 1926 2408 per

199 2435 488 2476 oblongo-lineares
500 2459 507 2471 ,
520 2435 638 2475 glabras
649 2458 657 2473 ‚
670 2437 799 2475 superne
815 2442 1000 2465 tomentosas
1016 2441 1047 2465 et
1061 2435 1092 2464 in
1104 2434 1305 2474 appendicem
1321 2433 1457 2474 glabram
1472 2435 1598 2473 anguste
1614 2434 1760 2464 linearem
1771 2457 1780 2471 ,
1792 2435 1927 2474 margine

199 2501 476 2532 dentato-ciliatam
495 2502 528 2530 in
544 2502 668 2530 intimas
683 2506 873 2531 transeuntes
884 2501 1009 2539 anguste
1023 2500 1152 2530 lineares
1165 2522 1173 2537 ‚
1183 2500 1296 2539 rigidas
1309 2524 1317 2536 ,
1329 2499 1531 2529 subscariosas
1542 2522 1550 2536 ,
1562 2499 1680 2539 glabras
1690 2522 1697 2536 ,
1711 2500 1730 2529 6
1744 2499 1797 2530 lin.
1813 2499 1928 2539 longas,

201 2569 249 2603 112
265 2566 318 2598 lin.
333 2567 422 2604 latas,
433 2566 597 2604 radiantes,
608 2573 693 2606 parte
707 2566 851 2595 inferiore
862 2565 956 2601 albas,
971 2565 1172 2605 subintegras,
1184 2572 1272 2605 parte
1287 2566 1442 2605 superiore
1456 2565 1580 2595 reflexas
1591 2589 1598 2601 ‚
1612 2565 1764 2595 radiantes
1773 2588 1782 2603 ‚
1796 2564 1929 2604 sulphu-

200 2641 264 2662 reas
276 2654 284 2669 ‚
302 2632 438 2671 margine
456 2631 663 2671 irregulariter
679 2637 709 2660 et
723 2631 843 2660 minute
856 2629 1108 2660 lacero-dentatas
1120 2653 1128 2666 ‚
1141 2630 1226 2669 apice
1241 2631 1328 2669 spina
1342 2631 1529 2660 terminatas.
1543 2631 1780 2661 Rssemneumm
1796 2629 1929 2660 alveola-

201 2703 282 2733 tum⁷
292 2696 480 2727 alveolorum
490 2696 625 2736 margine
635 2695 731 2735 paleis
741 2696 874 2725 formato
883 2696 901 2725 3
910 2694 966 2725 lin.
977 2694 1086 2734 longiS,
1098 2693 1179 2723 ultra
1194 2695 1334 2724 medium
1347 2695 1379 2724 in
1393 2695 1518 2724 lacinias
1534 2697 1586 2725 3-5
1598 2695 1756 2725 filisormes
1769 2694 1930 2734 inaequales

202 2762 443 2802 pinnatipartitis
454 2768 485 2791 et
495 2762 620 2801 insuper
632 2762 714 2798 setis,
725 2761 854 2791 dimidia
869 2767 954 2800 parte
967 2759 1168 2800 longioribus,
1180 2759 1378 2790 filiformibus
1393 2762 1524 2800 superne
1538 2761 1673 2798 clavatis,
1684 2760 1933 2791 antennaeformi-

200 2828 269 2858 bus.
286 2828 482 2857 Amzoronum
496 2827 600 2866 paleae,
611 2826 728 2856 inferne
741 2825 828 2863 albae,
841 2827 971 2866 superne
985 2825 1130 2856 flaventes
1144 2836 1281 2865 pappum
1295 2826 1486 2866 subaequant,
1500 2833 1569 2856 setae
1584 2825 1707 2856 clavatae
1717 2827 1790 2856 vero
1801 2825 1930 2856 dimidia

204 2899 291 2933 parte
304 2899 450 2932 superant
461 2915 469 2930 ,
482 2893 543 2933 qua
561 2893 633 2922 nota
644 2914 652 2930 ‚
663 2897 732 2931 post
749 2891 955 2921 achaeuiorum
969 2891 1182 2921 maturitatem
1195 2913 1204 2927 ,
1217 2891 1327 2930 species
1345 2890 1408 2921 haec
1423 2892 1462 2921 ab
1474 2892 1618 2922 omnibus
1631 2893 1750 2932 generis
1763 2891 1932 2921 distinctis—

203 2959 290 2988 sima.
306 2958 420 2987 mezs
434 2967 539 2987 omnes
554 2956 703 2995 tubulosi,
714 2956 960 2995 hermaphroditi
970 2978 978 2994 ,
993 2955 1094 2995 paleas
1108 2955 1290 2995 receptaculi
1305 2956 1533 2996 subaequantes,
1544 2956 1640 2996 glabri
1651 2957 1797 2986 flaventes
1807 2957 1835 2993 (e
1849 2962 1932 2985 statu

203 3023 390 3060 exsiccato),
416 3022 604 3058 5-dentati‚
633 3021 779 3051 dentibus
807 3020 1144 3060 oblongo-lanceolatis
1168 3020 1294 3051 obtusis.
1319 3021 1524 3052 Antherarum
1550 3021 1687 3062 cylinder
1711 3021 1824 3052 tubum
1850 3023 1864 3050 1
1891 3020 1933 3049 li-

205 3092 263 3120 nea
283 3097 416 3130 superat.
442 3090 593 3120 Ammaia
614 3087 780 3129 appendice
802 3087 889 3127 longa
901 3109 910 3123 ‚
926 3087 1052 3125 lineari,
1072 3088 1198 3125 cornea,
1216 3087 1345 3118 flavente
1359 3090 1545 3129 terminatzp,
1561 3089 1627 3119 basi
1642 3090 1674 3118 in
1689 3088 1799 3118 caudas
1814 3087 1935 3127 plumo-
