2432 3969
1011 468 1179 514 (429)

279 554 417 584 Sonchus
434 555 649 585 Broussonetii.
665 557 763 597 Desf,
774 558 858 586 Hori.
876 569 951 597 para,
969 558 1032 587 olim
1053 570 1087 586 ex
1102 558 1164 586 DC.
1184 557 1220 588 V.
1238 567 1283 596 sp.
1302 556 1504 586 Broussonetii
1517 565 1532 585 e
1548 554 1680 584 Canariis
1696 554 1727 582 in
1743 552 1827 584 herb.
1846 552 1962 582 Wcbe

288 622 375 656 ΗΑΒ.
393 623 430 655 In
451 622 579 656 fissuris
596 623 753 669 rupium,
772 624 941 670 sylvarum
962 631 995 657 et
1012 623 1216 657 convallium
1237 634 1307 669 reg.
1331 622 1498 656 lauriferae
1517 621 1580 654 ins.
1602 618 1780 653 Tenerissae
1798 631 1804 652 :
1829 617 1961 653 Webb!

238 694 335 728 Prius
355 707 421 729 sec.
441 695 483 729 cl.
503 696 579 729 DC.
598 698 615 730 a
630 696 674 730 cl.
690 697 824 729 Massou
842 695 968 729 ibidem
988 696 1106 729 lectus.

288 771 409 803 Disrss.
430 770 565 803 Geocr..
584 769 718 815 Species
740 780 833 802 mere
857 768 1060 802 canariensis
1082 768 1345 810 distinctissima,
1370 769 1401 802 in
1425 767 1532 802 hortis
1547 768 1671 803 nostris
1688 780 1719 803 e.
1734 780 1766 815 g.
1783 766 1929 814 Spirensi
1947 778 1965 800 a

238 842 280 876 cl.
302 843 399 876 Linz!
421 843 558 877 nominc
579 844 616 876 S.
641 841 789 875 fruticosi
808 841 910 875 culta.

278 913 380 944 Dnscn.
398 915 504 944 Canus
518 914 644 943 demum
659 913 824 942 frutescens
835 936 843 949 ,
858 914 1059 952 speciminum
1074 924 1213 943 meorum
1227 913 1548 953 spithameus-pedalis
1559 937 1566 951 ‚
1580 914 1621 954 pl.
1640 925 1710 944 vero
1725 914 1823 951 altior,
1840 921 1967 950 erectus,

237 979 376 1016 foliatus,
401 991 470 1009 cum
492 980 571 1008 soliis
585 979 688 1018 glaber
702 1002 709 1015 ,
726 978 794 1014 3-4,
812 979 842 1008 in
862 980 946 1008 icone
962 979 1072 1018 plantae
1090 979 1172 1008 horti
1192 978 1411 1008 Milsordiensis
1427 981 1445 1008 7
1464 979 1520 1008 liu.
1541 979 1691 1009 diametro
1710 981 1838 1010 metiens
1858 987 1888 1009 et
1907 980 1971 1008 sine

237 1045 333 1074 dubio
351 1044 451 1074 adhuc
473 1046 613 1079 crassior,
641 1051 735 1079 teres,
756 1043 842 1073 valde
863 1054 994 1074 amarus.
1023 1044 1124 1073 Caulis
1146 1055 1298 1073 annorum
1319 1044 1556 1083 praecedentium
1576 1056 1592 1074 a
1612 1045 1757 1075 foliorum
1777 1046 1969 1085 delapsorum

239 1111 402 1140 insertione
422 1110 627 1145 cicatricosus,
643 1109 752 1138 cortice
771 1108 868 1139 dilute
886 1109 1040 1145 brunneo,
1058 1110 1140 1146 laevi,
1158 1110 1413 1149 subsplendente,
1430 1110 1502 1150 ligni
1522 1117 1617 1140 strato
1634 1112 1736 1147 tenui,
1750 1110 1887 1147 albente,
1902 1121 1971 1140 me—

237 1174 329 1204 dullae
343 1173 481 1214 cylindro
496 1185 592 1203 crasso
608 1185 756 1213 percurso.
772 1174 872 1204 Caulis
886 1175 1048 1205 altitudine
1063 1176 1211 1215 pollicum
1229 1175 1448 1205 nonnullorum
1464 1177 1495 1204 in
1511 1186 1610 1205 ramos
1625 1176 1688 1205 abit
1704 1176 1746 1215 pl.
1764 1176 1966 1215 sphhameos,

236 1249 316 1269 anno
335 1245 480 1278 sequente
500 1238 593 1267 simili
613 1239 705 1267 modo
727 1240 758 1268 in
778 1250 877 1269 ramos
895 1240 1050 1270 abeuntes.
1073 1241 1163 1269 Rami
1183 1242 1254 1269 anni
1275 1242 1423 1270 currentis
1442 1241 1558 1270 inferne
1578 1241 1730 1277 fruticosi,
1746 1240 1837 1270 dense
1854 1241 1968 1275 foliati,

239 1304 357 1334 inferne
373 1304 426 1334 3-4
446 1309 575 1343 superne
593 1306 641 1333 1-:2
662 1304 714 1334 lin.
738 1312 768 1334 et
788 1304 866 1335 ultra
881 1304 1033 1334 diametro
1048 1307 1222 1343 metientes,
1242 1314 1271 1344 ΔΓ
1288 1324 1327 1329 -
1339 1318 1355 1335 a
1369 1306 1514 1335 soliorum
1530 1313 1610 1336 costa
1626 1306 1803 1336 decurrente
1818 1305 1969 1345 angulati,

237 1380 320 1399 more
335 1380 361 1399 e.
379 1380 407 1409 g.
429 1369 541 1398 Sonclii
560 1369 705 1408 palustris
725 1370 823 1398 striati
842 1377 872 1399 ct
892 1370 1040 1399 distanter
1060 1370 1172 1404 foliati,
1194 1371 1278 1409 apice
1299 1370 1496 1401 umbelliferi.
1514 1371 1603 1400 Fotm
1625 1371 1719 1400 caulis
1740 1372 1878 1400 annotini
1894 1372 1972 1401 infe-

237 1436 315 1465 riora
331 1434 479 1471 conserta,
493 1434 621 1464 rosulata
637 1446 666 1465 n.
687 1438 724 1465 10
742 1441 772 1464 et
789 1435 890 1474 plura,
904 1435 1046 1464 inferiora
1061 1442 1192 1465 retrorsa
1206 1459 1212 1472 ‚
1229 1436 1330 1465 media
1346 1443 1493 1472 extrorsa,
1509 1438 1662 1475 superiora
1676 1444 1812 1466 antrorsa
1826 1438 1880 1466 5-8
1896 1437 1968 1476 poll.

238 1501 343 1540 longa,
359 1499 444 1539 5s4-:3
461 1501 509 1539 112
525 1499 566 1538 pl.
584 1501 602 1528 2
618 1499 691 1538 poll.
709 1499 769 1528 lata
780 1522 787 1536 ‚
802 1499 1114 1538 oblongo-lanceolata
1125 1523 1132 1535 ,
1149 1499 1240 1538 plana
1255 1511 1282 1530 v.
1301 1500 1509 1530 subundulata
1520 1524 1527 1538 ,
1543 1503 1756 1540 peuninervia,
1772 1502 1971 1540 pinnatifido-

237 1565 482 1603 pinnatipartita,
507 1564 584 1593 lohis
612 1565 757 1603 utrinque
781 1565 800 1593 6
810 1581 825 1585 -
835 1565 852 1593 8
882 1563 998 1592 inferne
1026 1563 1266 1592 decrescentibus
1276 1587 1284 1600 ‚
1313 1564 1547 1603 subpectinatis,
1575 1565 1971 1605 triangulari-lanceolatis‚

240 1629 326 1668 114-1
344 1629 395 1669 314
411 1629 451 1668 pl.
472 1631 520 1668 112
536 1629 607 1668 poll.
625 1628 722 1668 longis
733 1651 740 1665 ,
759 1628 872 1667 1s4-3l4
888 1628 930 1667 pl.
949 1629 999 1667 1s2
1012 1627 1082 1667 poll.
1101 1628 1219 1658 inferne
1234 1628 1314 1665 latis,
1332 1629 1371 1667 pl.
1391 1631 1549 1666 extrorsis,
1566 1631 1688 1669 integris
1703 1641 1730 1660 v.
1745 1630 1784 1659 ad
1794 1630 1879 1659 basin
1891 1641 1972 1660 mar-

233 1695 311 1734 ginis
326 1695 487 1733 superioris
502 1693 572 1722 lobo
588 1694 700 1722 minori
716 1694 854 1729 munitis,
870 1703 999 1731 superne
1015 1694 1045 1722 in
1060 1692 1168 1722 lobum
1184 1695 1330 1731 majorem
1346 1693 1744 1733 triang·ulari·lanceolatum
1754 1718 1762 1732 ,
1777 1703 1902 1725 acutum
1917 1706 1970 1725 ex-

232 1761 402 1797 currentia,
417 1759 501 1788 basin
523 1769 627 1788 versus
644 1764 801 1788 attenuata
821 1759 852 1788 in
870 1758 1017 1795 petiolum
1036 1758 1168 1796 alatum,
1184 1758 1262 1788 lobis
1284 1760 1453 1790 minoribus
1472 1772 1499 1791 v.
1517 1760 1679 1790 denticulis
1700 1760 1844 1791 obsitum.
1864 1762 1969 1802 Margo

230 1823 375 1854 foliorum
390 1824 497 1864 pagina
511 1824 665 1863 superiore
681 1823 845 1860 viridium,
860 1833 964 1852 aversa
976 1823 1232 1863 glauces-centium
1244 1847 1252 1861 ,
1264 1834 1281 1853 a
1297 1824 1360 1854 basi
1375 1825 1413 1854 ad
1428 1826 1543 1864 apicem
1560 1836 1656 1865 usque
1671 1826 1834 1855 denticulis
1848 1827 1896 1856 vel
1907 1838 1971 1856 ser-

229 1891 341 1919 raturis
355 1890 482 1919 minutis
497 1889 647 1925 conferte,
664 1890 707 1918 ita
726 1896 761 1919 ut
780 1888 970 1928 longitudine
986 1890 1036 1929 112
1052 1888 1122 1928 poll.
1150 1888 1244 1920 13-14
1261 1878 1462 1920 observentur
1475 1913 1482 1927 ,
1497 1890 1615 1920 obsitus
1630 1899 1674 1920 est
1696 1891 1736 1930 pl.
1754 1893 1898 1921 antrorsis
1918 1893 1969 1921 vix

230 1955 457 1994 emergentibus
471 1954 652 1994 corpusculo
664 1954 829 1984 rotundato
844 1955 1022 1984 terminatis.
1037 1954 1123 1983 Folia
1134 1953 1254 1983 caulina
1269 1956 1424 1994 superiora
1439 1966 1499 1985 non
1516 1962 1579 1985 tam
1594 1956 1742 1992 conserta,
1759 1957 1878 1996 112-1-2
1892 1957 1965 1996 poll.

231 2019 394 2055 distantia,
417 2021 467 2050 vix
486 2019 681 2050 inferioribus
704 2020 841 2055 minora,
864 2019 917 2048 sed
943 2019 1062 2049 interne
1088 2019 1214 2057 latiora,
1241 2020 1687 2059 semiamplexicauli-cordata,
1713 2028 1744 2051 et
1765 2032 1908 2060 suprema
1932 2022 1971 2052 ad

232 2084 373 2114 umbellae
386 2092 527 2114 exortum
542 2085 639 2123 posita
652 2084 767 2113 inferne
779 2084 900 2119 latiora,
913 2084 1050 2120 cordata,
1065 2085 1210 2115 auriculis
1225 2085 1656 2125 haeinisphterico-rotundatis
1667 2086 1719 2126 314
1730 2085 1803 2125 poll.
1818 2086 1970 2116 diametro

233 2149 440 2179 metientibus.
459 2148 600 2178 Umbella
616 2148 744 2188 simplex
758 2149 964 2188 [1-5—cephala‚
978 2150 1027 2179 vel
1041 2152 1225 2189 composita,
1241 2153 1264 2180 si
1282 2162 1392 2190 nempe
1405 2151 1570 2190 pedicellus
1586 2162 1665 2181 unus
1680 2151 1794 2180 alterve
1810 2152 1923 2180 iterum
1939 2153 1969 2181 in

232 2214 400 2245 umbellam
416 2213 639 2243 2-4-mdiatam
655 2212 730 2242 abit.
744 2213 869 2243 Ramuli
884 2215 1053 2253 superiores
1067 2215 1277 2255 monocephali
1296 2217 1328 2246 in
1344 2217 1391 2245 axi
1406 2216 1554 2246 soliorum
1575 2217 1803 2256 angustiorum,
1819 2216 1969 2246 lanceola-

232 2287 335 2310 torum
347 2302 355 2317 ,
367 2286 545 2315 acutorum,
561 2279 763 2318 integrorum,
780 2279 834 2308 1-3
847 2278 921 2317 poll.
938 2278 1100 2320 longorum
1111 2303 1118 2317 ,
1134 2280 1187 2310 sed
1202 2281 1302 2310 adhuc
1312 2281 1376 2311 basi
1391 2281 1587 2311 cordatorum
1602 2283 1762 2319 oriuntur,
1779 2281 1969 2312 ramulorum

232 2354 447 2384 supremorum
462 2354 532 2373 vero
547 2342 911 2372 lineari-acuminatorum
923 2366 931 2381 ,
946 2344 1214 2384 integerrimorum
1225 2368 1232 2382 ‚
1247 2345 1299 2385 314
1312 2345 1384 2385 poll.
1403 2345 1564 2385 longorum
1574 2369 1581 2383 ,
1598 2348 1612 2375 1
1634 2345 1688 2375 lin.
1706 2346 1850 2384 latorum,
1863 2347 1970 2377 corda-

233 2418 346 2440 torum.
373 2410 534 2439 Panicum
558 2410 692 2448 juniores
710 2419 781 2438 cum
799 2409 948 2439 involucri
968 2409 1032 2439 basi
1058 2417 1196 2440 tomento
1214 2410 1328 2448 denso,
1349 2411 1521 2449 albissimo,
1540 2412 1666 2441 floccoso
1681 2422 1697 2441 e
1716 2412 1786 2451 pilis
1801 2412 1967 2452 elongatis,

231 2474 436 2514 simplicibus,
457 2475 563 2513 crispis
581 2474 748 2513 composito
765 2473 932 2503 articulatis
953 2482 1025 2504 sunt
1045 2476 1184 2511 munita,
1201 2475 1299 2515 fugaci
1322 2477 1363 2505 ita
1378 2483 1413 2506 ut
1431 2476 1557 2506 demum
1577 2483 1640 2507 tota
1659 2477 1826 2516 glabrescat
1844 2476 1965 2516 planta;

231 2539 369 2579 pedicelli
383 2540 465 2579 213-1
482 2538 557 2578 poll.
574 2546 605 2568 et
620 2538 701 2568 ultra
716 2538 757 2578 pl.
772 2539 827 2577 314
842 2538 912 2578 poll.
929 2540 994 2568 sine
1009 2540 1150 2579 capitulis
1164 2540 1264 2580 longi,
1277 2540 1411 2580 graciles,
1430 2541 1613 2582 114-1131ῐιι.
1627 2542 1777 2572 diametro
1788 2543 1967 2580 metientes,

233 2612 353 2642 teretes,
368 2605 424 2634 sub
436 2604 593 2634 involucro
606 2605 775 2641 incrassati,
790 2604 866 2634 nudi
878 2606 898 2636 i.
911 2615 937 2636 e.
951 2605 1066 2635 efoliati
1081 2613 1111 2635 et
1125 2608 1308 2646 esquamosi.
1323 2607 1462 2637 CAP1TULA
1478 2618 1596 2646 semper
1610 2615 1720 2644 erecta,
1737 2609 1966 2652 speciosissima,

236 2670 477 2707 innumerissora,
496 2670 634 2700 florentia
644 2672 662 2700 2
673 2670 744 2709 poll.
761 2670 911 2700 diametro
922 2672 1089 2702 metientia.
1105 2671 1296 2702 Invowcnmu
1309 2672 1810 2714 hcmisphaerico-campauulatum
1821 2697 1828 2709 ,
1843 2676 1896 2704 8-9
1908 2673 1960 2704 liu·

233 2737 331 2766 altum
341 2759 348 2772 ,
371 2736 568 2765 imbricatmn
585 2749 592 2766 z
609 2736 746 2776 squamis
765 2735 910 2765 omnibus
924 2736 1086 2776 adpressis,
1102 2736 1298 2767 inferioribus
1322 2739 1340 2767 2
1350 2739 1591 2776 ·3-serialibus,
1605 2739 1968 2779 heiuisphaerico-ovato-

233 2801 371 2840 oblongis
382 2824 389 2838 ‚
405 2802 460 2832 2-[ι
480 2800 534 2832 lin.
552 2800 665 2840 longis,
680 2802 698 2829 2
714 2800 768 2830 lin.
786 2807 817 2829 et
833 2799 912 2829 ultra
930 2799 1015 2837 latis,
1031 2799 1164 2836 obtusis,
1180 2803 1277 2841 magis
1296 2801 1468 2840 herbaceis,
1485 2804 1620 2843 margine
1640 2803 1848 2841 tenuioribus,
1864 2815 1967 2835 serru-

237 2866 406 2896 lato-erosis
417 2888 425 2904 ,
445 2865 553 2895 mediis
572 2865 894 2905 oblongo-lanceolatis
905 2888 913 2904 ,
929 2865 1046 2896 obtusis
1058 2889 1065 2902 ,
1081 2866 1131 2895 5-6
1149 2865 1202 2896 lin.
1231 2865 1344 2906 longis,
1366 2866 1420 2897 lin.
1443 2867 1562 2897 circiter
1576 2867 1661 2905 latis,
1679 2869 1774 2908 magis
1788 2870 1924 2899 scariosis
1937 2877 1968 2899 et

235 2938 358 2961 tantum
373 2932 455 2971 apice
470 2931 626 2961 scri-ulatis
637 2955 645 2969 ‚
661 2931 778 2961 intimis
791 2931 972 2967 linearibus,
984 2932 1004 2961 6
1014 2931 1068 2962 lin.
1085 2937 1115 2960 et
1125 2929 1207 2960 ultra
1218 2929 1328 2970 longis,
1347 2931 1397 2970 112
1411 2930 1466 2962 lin.
1485 2932 1535 2961 vix
1552 2931 1634 2967 latis,
1651 2934 1802 2970 scariosis,
1817 2934 1903 2973 apice
1917 2935 1967 2964 vix

233 2996 398 3026 seri-ulatis.
416 2997 648 3026 Recerncuum
664 2998 682 3027 3
699 2997 749 3037 112
764 2997 818 3029 lin.
834 2997 983 3027 diametro
998 2998 1137 3034 metiens,
1153 2996 1393 3036 planiusculum,
1408 2998 1542 3035 nudum,
1558 3001 1696 3039 punctis,
1711 2999 1823 3040 quibus
1837 2999 1970 3030 achaenia

236 3061 420 3100 insidebant,
438 3070 587 3094 notatum.
606 3063 720 3092 Ftons
734 3062 875 3102 speciosi,
891 3060 988 3091 dilute
1008 3062 1109 3097 aurei,
1126 3061 1225 3091 S-sere
1242 3064 1277 3091 12
1292 3061 1345 3092 lin.
1369 3062 1459 3102 longi.
1477 3063 1586 3094 Tubus
1598 3065 1669 3105 pilis
1682 3063 1851 3095 articulatis
1862 3087 1870 3102 ‚
1883 3065 1969 3096 elon-
