2432 3969
996 485 1165 532 (153)

223 576 351 611 fissuris
366 575 501 622 rupium
518 587 595 621 quae
610 575 755 622 Roques
770 574 811 609 (le
828 575 990 609 Guimm·
1004 583 1181 617 vocantur,
1194 587 1255 608 nec
1269 586 1334 607 non
1353 574 1384 607 in
1406 574 1556 608 convalle
1572 572 1632 608 del
1648 575 1719 608 Rio
1741 574 1856 609 insulae
1871 576 1946 610 Pal-

217 661 292 683 mae.
316 648 590 693 Descriptionem
610 656 760 682 nostram
778 660 817 682 ex
833 647 1074 693 speciminibus
1095 646 1329 680 Palinensibus
1347 647 1498 680 fecimus.

257 720 375 749 Dsssca..
392 719 506 749 Pus-n
518 726 580 749 tota
594 720 707 759 glabra,
721 719 832 758 pallide
842 718 955 748 viridis.
970 718 1073 746 ciuus
1084 717 1260 754 srutescens,
1273 717 1441 757 elongatus,
1454 718 1541 758 longo
1552 726 1651 748 tractu
1666 719 1786 758 petiolis
1797 720 1943 750 soliorum

219 783 396 814 inferiorum
412 785 661 813 marcescentium
676 783 740 812 basi
752 783 885 812 dilatatis
896 782 1046 811 obductus
1056 805 1064 818 ‚
1080 781 1214 817 follows,
1229 782 1278 811 2-3
1292 782 1384 820 pedes
1398 782 1489 820 altus,
1501 783 1614 822 glaber,
1628 786 1763 821 suimus,
1776 786 1942 823 fistulosus,

217 858 366 885 ramosus,
382 850 474 878 ramis
485 849 614 879 alternis.
633 849 727 878 FomA
739 848 880 877 radicalia
896 854 925 876 et
943 846 1061 876 caulina
1074 847 1215 875 inferiora
1233 846 1419 885 longiuscule
1434 847 1592 885 petiolata,
1604 849 1724 887 petiolis
1738 852 1849 880 striatis
1859 874 1866 888 ,
1878 851 1943 881 basi

220 914 250 942 in
262 914 382 952 vaginas
396 924 536 943 nervosas
555 914 688 952 margine
707 912 821 941 ciliatas
838 912 972 941 dilatatis
983 935 990 947 ,
1005 912 1202 950 pinnatisecta
1215 934 1222 948 ,
1238 913 1399 950 segmentis
1413 913 1469 940 7-9
1479 935 1487 948 ‚
1502 912 1784 944 obovato-cuneatis
1796 939 1803 951 ,
1817 915 1946 954 pulchre

221 976 509 1007 venoso-reticulatis
520 999 527 1013 ,
541 976 763 1007 inciso-serratis
774 998 781 1012 ‚
797 975 943 1005 Iobatisve
954 999 961 1011 ‚
975 975 1169 1004 inferioribus
1181 975 1333 1014 petiolatis
1345 998 1353 1011 ‚
1369 976 1576 1014 superioribus
1590 977 1801 1008 subscssilibus
1814 1002 1821 1016 ‚
1837 980 1944 1010 sessili-

219 1041 325 1078 husve,
336 1042 488 1071 terminali
501 1049 599 1076 ovato,
613 1041 735 1079 trilobo,
748 1041 826 1070 lobis
835 1042 1076 1070 inciso-serratis.
1090 1040 1264 1069 COMPOSlTlo
1275 1040 1419 1070 soliorum
1432 1049 1466 1070 ut
1478 1043 1508 1070 in
1522 1043 1666 1072 omnibus
1679 1044 1943 1075 umbelliserarum

219 1106 376 1144 speciebus
391 1107 521 1145 superne
536 1105 690 1142 decrescit,
708 1113 738 1135 et
749 1113 902 1145 segmenta
913 1106 1015 1134 minus
1032 1107 1124 1135 incisa
1138 1113 1226 1142 sunt,
1239 1106 1290 1135 sed
1304 1106 1368 1135 basi
1383 1113 1553 1143 attenuata,
1566 1109 1597 1137 in
1613 1108 1693 1138 soliis
1707 1111 1857 1148 supremis
1872 1112 1943 1140 vero

218 1171 421 1209 integerrima.
445 1170 588 1200 UMBELLA
610 1170 671 1199 sere
689 1170 899 1209 magnitudine
921 1171 1094 1210 Pimpz'stelloe
1109 1173 1283 1210 peregrina·7
1304 1171 1460 1201 involucro
1480 1174 1606 1201 omnino
1626 1184 1728 1202 carens
1740 1196 1748 1211 ,
1764 1174 1941 1203 umbellulae

220 1234 409 1265 involucellis
427 1234 590 1264 destitutae.
605 1233 754 1263 Umbellae
770 1234 846 1263 radii
862 1234 991 1270 sub-10,
1010 1234 1199 1274 longitudine
1209 1235 1407 1275 subaequales,
1424 1237 1581 1267 villosulae.
1600 1237 1790 1267 UmnELLULAE
1805 1240 1878 1269 9-13
1895 1250 1943 1269 ra—

221 1299 310 1328 diatae
321 1321 329 1335 ,
342 1298 435 1328 radiis
447 1298 567 1329 villosis.
584 1299 717 1328 COROLLA
730 1299 799 1329 alba
810 1322 818 1335 ,
832 1300 932 1338 petala
946 1299 1076 1330 obovata
1088 1323 1095 1337 ‚
1107 1311 1236 1329 concava
1251 1303 1379 1340 superne
1395 1301 1592 1331 canaliculata
1602 1325 1610 1339 ,
1622 1303 1709 1331 extus
1727 1303 1923 1342 pubescentia
1934 1327 1942 1342 ,

221 1374 291 1393 cum
307 1363 438 1393 lacinula
453 1363 574 1394 inflexa,
587 1363 669 1393 Srrm
681 1365 711 1401 2,
723 1364 906 1400 brevissimi,
925 1365 937 1405 {—
952 1364 1005 1396 lin.
1020 1365 1082 1394 sere
1093 1365 1190 1405 longi,
1202 1366 1335 1404 juniores
1351 1368 1457 1404 erecti,
1469 1368 1552 1406 apice
1567 1368 1698 1407 capitati.
1714 1368 1843 1399 Faucws
1853 1369 1946 1400 villo-

221 1439 282 1464 sus,
298 1429 355 1458 sub
366 1428 447 1459 lente
459 1430 644 1464 5-costatus;
661 1435 819 1458 maturum
831 1439 891 1458 non
902 1428 977 1460 vidi.

817 1570 1112 1600 EXPLICATIO
1142 1571 1245 1601 TAB.
1281 1562 1347 1602 72.

277 1678 305 1698 1.
328 1665 442 1699 Caulis
460 1676 538 1712 pars
558 1664 713 1711 superior
725 1675 804 1697 cum
820 1663 902 1697 folio
917 1690 924 1707 ,
940 1664 1070 1697 caeteris
1087 1663 1207 1698 ablatis
1222 1691 1230 1707 ‚
1244 1671 1278 1697 et
1298 1664 1428 1698 tantum
1452 1665 1662 1711 peliolorum
1680 1665 1751 1699 basi
1771 1667 1948 1715 semivagi-

223 1738 376 1773 nantium
392 1738 514 1772 vestiti.
532 1750 565 1772 2.
583 1737 697 1772 Cauiis
717 1749 793 1784 pars
812 1749 970 1784 suprema
986 1737 1062 1771 folia
1077 1737 1207 1771 caulina
1223 1738 1397 1785 superiora
1417 1738 1653 1785 umbellasque
1673 1752 1796 1786 gerens
1819 1742 1948 1789 magni-

224 1811 341 1847 tudine
360 1811 516 1845 naturali.
535 1810 570 1845 3.
587 1811 666 1845 Flos
687 1819 816 1845 auctus.
835 1810 872 1855 4.
895 1811 1048 1845 Petalum
1067 1819 1201 1845 auctum
1215 1839 1222 1855 ‚
1236 1812 1432 1845 :introrsum
1445 1812 1554 1845 visum
1570 1820 1607 1846 ut
1628 1822 1788 1860 appareat
1807 1815 1948 1851 lacinula

224 1886 366 1930 inflexa,
385 1885 489 1920 dorso
515 1885 742 1919 canaliculata.
769 1884 804 1920 5.
832 1886 977 1918 Fructus
994 1884 1113 1931 junior
1132 1893 1273 1928 auctus,
1290 1897 1370 1919 cum
1395 1885 1562 1932 pedicello
1585 1886 1737 1932 partiali,
1756 1888 1949 1936 stylopodio

223 1959 331 1994 bifido
345 1959 508 2007 stylisque
522 1958 616 2006 apice
635 1957 790 2005 capitatis
803 1964 1000 1992 coronatus.

705 2091 1220 2143 BUPLEURUM.
1301 2093 1463 2143 LINN.

283 2213 431 2258 CALYx
447 2228 607 2271 margo
624 2212 861 2257 obsoletus.
879 2213 1054 2257 PETALA
1067 2214 1257 2271 integra,
1269 2214 1569 2269 subrotunda,
1588 2217 1710 2259 arcte
1727 2217 1948 2272 involuta,

227 2313 334 2341 cum
363 2296 560 2339 lucinula
589 2296 702 2349 lata,
724 2296 1089 2347 1·etusa„inflexa.
1112 2295 1314 2341 FRUCTUS
1343 2299 1367 2340 a
1398 2298 1535 2341 latere
1558 2314 1860 2356 compressus,
1881 2302 1950 2344 vel

227 2379 525 2435 subdidymus
537 2412 547 2432 ,
563 2378 813 2436 stylopodio
830 2378 1035 2435 depresso
1051 2386 1306 2423 coronatus.
1323 2379 1595 2424 MERIGARPIA
1607 2381 1724 2438 jugis
1743 2386 1767 2425 5
1778 2416 1788 2432 ἦ
1807 2382 1948 2437 alatis,

227 2464 389 2516 acutis,
407 2461 695 2505 filiformibus
714 2461 785 2505 vel
802 2460 1043 2512 subnullis.
1063 2461 1290 2504 valleculis
1307 2462 1479 2506 vittatis
1496 2470 1577 2505 aut
1593 2464 1809 2518 mittatis,
1827 2464 1950 2508 laevi-

227 2545 335 2596 bus,
361 2545 611 2601 granulosis
639 2552 719 2587 aut
750 2545 933 2601 rugosis.
961 2543 1286 2588 CARPOPHORUM
1326 2543 1545 2595 liberum„
1573 2544 1777 2589 bifidum.
1803 2544 1952 2591 SEMEN

229 2628 648 2677 lereti-convexum.
665 2628 812 2670 antico
833 2627 1184 2684 planiusculum.

286 2708 488 2752 HAmTus.
510 2708 670 2753 Herbae
695 2710 883 2766 glabrae.
902 2724 1067 2752 annuae
1084 2710 1155 2753 vel
1175 2724 1405 2766 perennes.
1421 2708 1571 2754 caulis
1594 2725 1809 2756 ramosus.
1828 2710 1953 2756 Folia

230 2791 451 2848 simplicia
472 2791 776 2848 integerrima.
793 2791 949 2836 Flores
969 2792 1097 2843 lutei,
1116 2792 1222 2834 raro
1237 2791 1341 2834 albi.

549 2940 584 2981 1.
633 2937 1081 2983 BUPLEURUM
1124 2937 1483 2983 GLAUCUM.
1522 2938 1643 2983 DEC.

282 3046 316 3078 Β.
333 3044 426 3077 caule
436 3043 614 3089 herbaceo,
629 3045 760 3090 humili,
775 3048 1018 3092 ramosissimo,
1029 3048 1151 3083 diffuso
1165 3061 1173 3093 3
1188 3048 1275 3082 foliis
1285 3047 1621 3091 lineari-lanceolazis,
1632 3047 1792 3083 umbellis
1805 3051 1961 3084 termina-

334 3114 379 3133 ιιι.
394 3120 434 3126 -
445 3105 490 3144 (2³
511 3108 603 3143 secr.)
1787 3110 1825 3138 ΣΟ
