2432 3969
880 552 1048 598 (399)

140 643 173 673 3⁰
186 641 424 681 Longitudiuem
441 649 470 670 ct
486 641 683 671 directionem
700 652 895 681 squamarum
912 642 1061 671 involucri
1077 650 1135 671 ext.
1154 648 1183 670 et
1197 640 1335 680 pedicelli
1351 641 1553 678 superiorum.
1571 638 1649 667 Sunt
1664 638 1745 666 enim
1759 650 1766 666 :

141 717 167 737 a.
185 706 349 746 Elongalae,
368 716 534 745 squarrosw
548 713 578 735 et
594 706 649 735 hac
666 713 737 735 nota
752 706 881 735 barbam
899 716 948 734 ac·
1009 706 1075 734 Huc
1088 718 1095 734 :
1109 705 1214 744 Tolpis
1227 707 1394 740 [varistatffi
1408 705 1528 741 Bivon.‚
1542 712 1573 733 et
1585 704 1621 734 T.
1636 703 1830 744 grandissora,

103 772 227 802 cedunt.
969 771 1096 801 Tenore.

141 837 171 869 b.
191 838 307 875 Breves,
328 838 481 876 adpressae.
503 837 590 866 Huc:
1012 837 1116 876 Tolpis
1139 839 1298 873 altissima,
1325 836 1405 866 Pers.
1428 836 1475 872 (T.
1500 837 1670 872 ss-aristnta,
1692 836 1781 873 Bm),
1804 842 1834 865 et

969 902 1140 932 Schmidtia
1155 902 1291 941 (Tolpis)
1304 902 1469 941 abyssinica
1480 925 1488 939 ,
1505 902 1538 931 C.
1555 901 1592 930 Η.
1607 901 1748 937 Schultz,
1765 901 1830 939 Bip.

971 969 1002 996 in
1018 967 1168 1006 Schimp.,
1182 967 1221 996 It.
1238 966 1351 1006 abyss,
1368 973 1438 996 sect.
1449 989 1456 1002 ,
1470 969 1497 1000 1.
1515 977 1542 995 n.
1565 969 1590 996 1.

141 1032 208 1062 Oss.
228 1032 268 1061 ΙΙ.
287 1031 392 1070 Tolpis
407 1031 595 1070 quercisolia.
613 1047 652 1053 —
667 1031 838 1061 Schmidtia
854 1032 1029 1071 quercil'olia
1045 1032 1151 1062 Rchb!
1169 1033 1199 1061 in
1215 1031 1305 1061 Flora
1320 1031 1353 1060 B.
1370 1031 1402 1061 Z.
1415 1053 1422 1066 ‚
1443 1032 1530 1067 1830,
1549 1033 1577 1065 1,
1597 1041 1627 1069 p.
1650 1032 1701 1060 131
1720 1038 1749 1059 et
1763 1032 1832 1061 382.

106 1096 211 1135 Tolpis
226 1096 409 1125 macorrhiza
422 1095 499 1130 DC.‚
514 1095 578 1131 Pr.‚
593 1097 622 1132 7,
639 1106 666 1134 p.
687 1097 736 1132 87,
751 1103 795 1125 est
811 1097 921 1134 species
936 1097 1121 1126 maderensis
1136 1096 1363 1126 distinctissima
1381 1095 1544 1134 Tolpidem
1561 1095 1738 1134 lagopodam
1757 1097 1838 1125 iuter

106 1168 136 1191 et
156 1161 275 1191 Webbii
297 1160 512 1190 intermedimn
530 1160 665 1199 gracilis,
686 1160 881 1199 glaberrinm‚
903 1162 1050 1191 involucri
1070 1164 1204 1202 squamis
1224 1170 1283 1192 ext.
1307 1162 1382 1191 laxis
1401 1161 1540 1190 achaeuiis
1562 1161 1708 1190 brunneis
1721 1184 1729 1197 ,
1746 1161 1836 1199 pappi

106 1228 197 1258 radiis
211 1225 430 1264 majoribus-20
442 1249 448 1261 ‚
463 1226 566 1255 setulis
584 1227 752 1255 minoribus
767 1228 932 1265 interjectis
947 1228 1114 1266 majoribus
1128 1240 1161 1257 ac
1176 1230 1207 1257 in
1219 1228 1285 1257 aliis
1301 1227 1467 1267 speciebus,
1482 1227 1620 1255 Hieracio
1631 1226 1718 1256 valde
1729 1227 1835 1256 affinis.

106 1291 228 1323 Madera
238 1291 274 1320 ad
285 1301 375 1329 rupes
387 1298 539 1320 cataracta*
551 1302 674 1331 magnae,
687 1293 704 1321 5
717 1292 809 1322 Junio
822 1296 897 1323 1827
910 1306 916 1322 :
930 1293 1016 1324 Holl!
1029 1295 1092 1323 sine
1105 1294 1161 1323 loci
1174 1304 1250 1332 spec.
1269 1293 1476 1332 designatione
1489 1305 1495 1322 :
1510 1292 1609 1321 Webb
1621 1292 1628 1321 l
1641 1292 1834 1328 (Barkausia).

147 1355 215 1386 OBS.
234 1355 290 1385 ΙΙΙ,
312 1354 431 1394 Species
449 1355 677 1385 suss'ruticulosa¹
692 1357 810 1386 caulem
828 1357 944 1387 liabent
965 1358 1032 1396 plus
1055 1359 1195 1387 minusve
1217 1357 1477 1386 suss'ruticulosum
1500 1358 1592 1395 pappi
1614 1364 1691 1386 setas
1713 1359 1839 1396 majores

108 1431 137 1451 n.
159 1421 321 1455 10-12-20‚
340 1420 378 1449 ad
394 1420 531 1458 pedicelli
547 1422 664 1459 apicem
680 1432 821 1460 squamas
836 1422 985 1460 plurimas
1001 1424 1155 1459 minimas,
1172 1430 1308 1452 tomento
1324 1423 1490 1452 immersas.

149 1487 166 1514 8
182 1485 287 1523 Tolpis
302 1485 453 1514 filisormis
467 1485 528 1516 DC.
540 1503 577 1508 —
589 1485 758 1515 Schmidtia
771 1486 922 1516 filisormis
939 1487 970 1516 C.
987 1487 1024 1515 H.
1041 1487 1177 1523 Schultz,
1194 1487 1260 1525 Bip.
1278 1487 1352 1516 olim
1368 1495 1411 1517 est
1425 1488 1537 1526 species
1552 1487 1735 1517 maderensis
1749 1488 1841 1528 poly-

110 1550 240 1589 morplia
255 1550 335 1579 soliis
350 1552 602 1589 pinnatipartitis,
616 1552 734 1579 varians
749 1563 755 1579 ι

150 1626 176 1644 a.
194 1614 298 1644 Pinnae
312 1616 501 1645 abbreviatae.
522 1633 556 1638 —-
576 1615 679 1654 Crepis
695 1616 908 1651 critlnnisolia,
927 1616 1023 1645 Link!
1039 1620 1086 1653 (ex
1102 1617 1229 1654 WebbJ!
1247 1628 1284 1646 an
1301 1628 1354 1656 per
1369 1628 1500 1646 errorem
1518 1628 1612 1656 prope
1627 1625 1750 1656 portum
1764 1619 1841 1647 Oro-

112 1688 265 1710 tavensem
290 1681 393 1719 legisse
413 1681 532 1719 putavit
554 1680 591 1709 cl.
618 1680 720 1710 Buch?
744 1681 779 1709 In
804 1682 860 1710 ins.
883 1681 989 1710 Canai:
1018 1683 1159 1720 nuspiam
1181 1682 1243 1711 vidi
1261 1695 1267 1711 :
1285 1682 1385 1711 Webb
1400 1684 1431 1711 in
1447 1682 1503 1712 litt.
1523 1701 1562 1704 —
1576 1682 1682 1722 Tolpis
1697 1685 1842 1722 pectinata

112 1746 171 1775 DC.
189 1754 219 1775 et
234 1756 268 1775 ex
285 1753 371 1784 parte
386 1745 422 1774 T.
441 1745 691 1784 coronopifoliam
704 1745 782 1781 Biv„
798 1756 874 1784 spec.
887 1756 1035 1783 annuam,
1049 1747 1190 1777 consusit.

149 1811 181 1841 b.
198 1811 301 1840 Pinnae
316 1810 644 1849 elongato-filiformm,
663 1812 802 1850 integrm,
818 1813 851 1840 -2
871 1811 942 1850 poll.
969 1812 1071 1852 longae.
1098 1813 1174 1841 Huc.
1201 1813 1372 1842 Schmidtia
1390 1813 1569 1842 anethifolia
1587 1813 1685 1844 Rchb.
1704 1814 1736 1843 in
1754 1814 1843 1845 Flora

111 1877 143 1906 B.
162 1876 205 1914 J.,
222 1878 310 1912 1830,
329 1880 356 1911 1,
373 1888 401 1915 p.
425 1878 475 1906 131
495 1884 524 1905 et
540 1878 598 1906 382
615 1884 644 1906 et
660 1876 874 1906 verosimiliter
889 1877 1052 1914 (soliorum
1071 1877 1196 1907 lacinias
1217 1878 1305 1907 valde
1324 1878 1476 1917 elongatas
1498 1880 1572 1907 sorte
1593 1889 1647 1917 pro
1668 1879 1749 1909 foliis
1771 1881 1845 1919 ipsis

111 1942 262 1980 hahitae?)
277 1942 380 1980 Crepis
396 1942 558 1975 filisormis,
572 1942 631 1971 Ait.
648 1959 684 1963 —
696 1941 853 1970 AEthionia
870 1943 1022 1972 filil'ormis
1036 1943 1113 1971 Don.
1138 1961 1169 1965 —
1183 1943 1288 1982 Tolpis
1304 1944 1465 1978 filisormis,
1483 1944 1542 1973 DC.

152 2007 269 2046 Species
284 2007 345 2036 lucc
362 2008 391 2035 in
406 2006 528 2035 Madenl
544 2006 674 2044 vulgaris
688 2017 750 2035 esse
766 2007 886 2035 videtur
898 2019 904 2041 ;
916 2007 1046 2036 formam
1058 2020 1076 2036 α
1087 2009 1117 2037 in
1130 2008 1254 2038 Maderd
1267 2009 1338 2049 legit
1352 2011 1427 2038 1817
1440 2010 1475 2039 cl.
1492 2022 1508 2037 a
1521 2009 1651 2039 Martius
1664 2010 1670 2038 ἔ
1684 2010 1742 2047 (Cr.
1757 2022 1844 2041 coro—

114 2071 271 2111 nopifolia)
281 2079 310 2101 et
321 2071 415 2100 serius
427 2070 463 2101 cl.
478 2070 592 2099 Webbl
605 2070 720 2109 (Crepis
730 2071 928 2100 critlunifolia
942 2071 1040 2100 Link!
1059 2079 1139 2101 certo
1154 2083 1188 2101 ex
1204 2074 1367 2112 specimine
1382 2075 1469 2104 berh.
1487 2075 1581 2104 berol.
1596 2077 1660 2104 sine
1675 2075 1738 2105 loco
1751 2077 1845 2106 natali

115 2137 179 2167 ullo
186 2150 198 2167 λς
210 2137 329 2174 Wehb),
346 2137 478 2165 sormam
494 2139 511 2165 6
527 2143 603 2175 sept.
624 2137 708 2172 1817,
720 2136 755 2166 cl.
775 2136 861 2166 Pohl.
878 2136 885 2165 l
903 2136 1000 2176 (Crep.
1019 2139 1208 2178 canariensis)
1223 2146 1252 2168 et
1264 2141 1282 2167 5
1297 2139 1391 2169 Junio
1408 2142 1496 2178 1827,
1508 2140 1545 2171 cl.
1559 2140 1646 2170 Holl!
1661 2141 1718 2170 Sao
1729 2141 1846 2172 Joanno

115 2203 154 2232 ad
168 2203 335 2242 praecipitia
347 2202 527 2238 (Schmidtia
540 2200 731 2237 anethisolia,
745 2201 866 2239 Rc11b.).

155 2269 183 2298 9.
197 2267 302 2306 Tolpis
316 2267 458 2297 fruticosa
473 2266 611 2296 Schrank
626 2267 641 2295 ὲ
652 2266 776 2295 Μειάεῐᾶ
793 2268 823 2295 in
837 2266 942 2296 hortos
957 2274 1074 2297 nostros
1089 2269 1264 2299 introducta
1278 2269 1331 2299 ubi
1346 2281 1428 2299 nunc
1443 2270 1652 2310 vulgatissima
1666 2273 1739 2302 solia
1752 2273 1846 2303 habet

116 2333 441 2374 oblongo-lanceolata,
459 2333 581 2362 dentata
595 2332 686 2361 breve
700 2332 856 2371 petiolata.
871 2333 896 2361 A
914 2333 1018 2372 planta
1033 2333 1203 2364 maderensi
1217 2335 1326 2364 saltem
1342 2342 1377 2365 ut
1390 2346 1454 2366 var.
1472 2336 1578 2366 differt
1592 2337 1697 2376 planta
1710 2340 1825 2369 azorica
1837 2363 1846 2378 ,

117 2399 283 2430 accuratius
305 2398 522 2437 comparanda,
546 2397 626 2426 soliis
642 2397 1086 2437 pinnatifido-pinnalipartitis.
1097 2416 1140 2423 --——
1155 2403 1170 2439 β
1184 2400 1388 2431 Hochsletteri
1404 2401 1434 2432 C.
1455 2402 1492 2432 H.
1511 2402 1547 2432 Sz
1574 2403 1640 2442 Bip.
1665 2404 1697 2433 in
1714 2405 1846 2444 rupibus

118 2465 280 2496 maritimis
295 2465 350 2494 ins.
369 2463 460 2502 Fayal
473 2463 566 2492 Junio
584 2463 679 2492 1838:
695 2462 727 2492 C.
744 2463 953 2493 Hochsletterl

159 2533 205 2560 10.
224 2529 330 2568 Tolpis
348 2529 459 2558 nobilis
474 2528 668 2558 Hochstetter
682 2529 713 2557 iu
728 2528 869 2566 Seubert,
884 2529 931 2558 Fl.
948 2540 1023 2559 azor.
1034 2553 1041 2566 ,
1059 2541 1088 2569 p.
1112 2531 1150 2560 33
1161 2553 1168 2567 ,
1186 2542 1216 2560 n.
1236 2532 1295 2562 222
1306 2554 1314 2568 ‚
1329 2532 1390 2561 tab.
1411 2533 1462 2563 11!
1478 2551 1518 2556 —
1533 2533 1704 2565 Schmidtia
1717 2536 1829 2566 nobilis
1839 2560 1846 2574 ,

120 2595 152 2626 C.
171 2595 208 2625 H.
226 2594 271 2623 Sz.
289 2594 356 2633 Bip.
373 2594 447 2623 olim
462 2593 542 2622 foliis
561 2593 809 2632 elliptico-ovatis
820 2617 827 2630 ,
843 2593 998 2623 sessilibus
1013 2594 1163 2633 dentatis,
1179 2606 1208 2625 v.
1225 2597 1384 2635 pectinatis
1395 2621 1401 2632 ‚
1419 2599 1560 2628 omnium
1575 2600 1711 2638 partium
1726 2602 1845 2641 magni-

122 2660 242 2696 tudine,
254 2667 335 2688 certo
349 2660 465 2698 generis
479 2658 668 2687 nobilissima
682 2666 727 2688 est
738 2661 849 2698 species
860 2671 933 2690 cum
947 2660 1035 2690 nulla
1049 2660 1108 2690 alia
1123 2661 1348 2700 confundenda,
1360 2662 1413 2692 sed
1423 2663 1633 2703 polymorpha.
1647 2665 1714 2694 Huc
1725 2678 1733 2694 :
1745 2666 1851 2707 Tolpis

121 2725 323 2756 macrorrhiza
336 2724 479 2754 Watson!
495 2724 578 2763 apud
593 2724 733 2760 Seubert,
744 2725 792 2754 Fl.
808 2726 932 2763 norica,
946 2737 975 2766 p.
992 2728 1042 2764 33,
1054 2738 1085 2758 n.
1098 2729 1155 2756 221
1169 2730 1241 2766 (non
1252 2728 1312 2758 Dc.
1326 2739 1393 2769 quae
1407 2736 1472 2759 toto
1486 2731 1559 2760 coelo
1569 2731 1682 2769 differt)
1692 2733 1749 2764 ins.
1762 2734 1847 2764 Δῖον.

122 2791 166 2822 St.
183 2789 342 2820 Michaelis
357 2790 450 2818 Hunt.
466 2788 473 2818 Σ

158 2856 230 2886 O-ns.
246 2856 298 2886 IV.
314 2856 487 2884 Hieracium
498 2865 623 2893 capense
636 2854 703 2885 Lin.
717 2872 756 2877 --
767 2854 938 2886 Schmidtia
951 2858 1084 2896 capensis
1095 2857 1209 2895 Rchb.‚
1218 2859 1338 2889 Hieran.
1357 2860 1631 2900 madagascariense
1642 2862 1716 2894 DC..
1731 2864 1845 2895 Hierac.

125 2921 288 2952 silhetense
302 2919 360 2949 DC.
376 2927 406 2948 ct
417 2919 499 2949 Hier.
513 2918 729 2948 staticefolium
743 2919 800 2950 All.
814 2919 938 2959 Tolpidi
949 2928 1020 2950 sunt
1031 2915 1176 2961 proximae
1187 2930 1217 2953 et
1229 2925 1314 2962 prius
1333 2925 1365 2954 in
1381 2925 1446 2956 MS.
1461 2936 1531 2955 cum
1545 2927 1603 2956 hoc
1617 2938 1723 2968 genere
1733 2930 1847 2968 juncta.

126 2987 215 3017 Nunc
230 2996 300 3015 vero
314 2985 368 3014 has
383 2985 493 3024 species
508 2992 543 3014 ut
557 2985 693 3014 Hieracia
708 2985 864 3015 considero
876 2996 946 3016 vera
960 2986 999 3016 ob
1012 2987 1143 3017 achaenia
1155 2989 1250 3028 magis
1261 2989 1409 3029 elongata,
1421 2990 1621 3031 columnaria,
1635 3003 1696 3022 non
1709 3000 1774 3023 tam
1787 3002 1851 3025 tur-

127 3052 240 3087 binata,
255 3051 345 3090 pappi
361 3050 460 3080 radios
475 3061 578 3079 omnes
594 3050 754 3089 elongatos,
770 3060 947 3080 numerosos
961 3058 992 3081 et
1005 3051 1147 3082 habitum
1162 3054 1333 3092 proprium.
