2432 3969
1047 524 1218 570 (ᾰο3)

268 614 359 643 dorso
373 614 513 643 carinatis
527 621 556 643 et
569 621 629 644 ext.
648 614 697 643 hic
712 613 805 652 paulo
819 613 982 651 suberosis,
995 613 1182 653 quaudoque
1196 614 1287 643 breve
1301 613 1446 643 aculeatis
1458 637 1465 649 ,
1480 611 1666 647 albentibus,
1681 609 1923 645 navicularibus,
1941 610 1997 640 int.

270 679 319 708 vix
335 679 560 718 superantibus.
577 680 688 709 Ftomzs
704 679 771 708 ssavi
786 679 963 718 (sulphurei
976 683 984 714 )
999 686 1059 709 ext.
1076 680 1094 707 :2
1108 678 1160 708 lin.
1179 679 1261 718 longi
1274 701 1280 714 ,
1296 678 1416 708 radium
1433 680 1519 718 quasi
1535 678 1702 708 formantes
1714 700 1722 714 ,
1738 677 1828 706 dorso
1842 675 2003 705 obscurius

269 746 375 781 tincti,
392 746 444 775 int.
464 745 516 773 5s4
531 745 585 774 lin.
604 744 701 784 longi,
718 755 823 773 omnes
837 746 920 784 apice
936 744 1080 774 dentibus
1095 746 1112 773 5
1126 745 1336 784 glanduliseris
1347 767 1354 780 ‚
1370 745 1401 773 in
1418 745 1472 774 int.
1493 743 1665 773 minoi·ibu·.
1682 743 1814 778 muniti,
1830 742 1870 771 ad
1890 741 2003 771 tubum

269 810 575 849 compressiusculum
591 818 621 839 et
642 811 736 839 etiam
752 810 850 849 ligulae
864 810 990 839 dorsum
1006 809 1075 848 pilis
1090 810 1260 839 articulatis
1276 809 1363 839 valde
1382 809 1468 838 hirti.
1488 808 1564 848 styli
1583 810 1662 837 rami
1682 807 1863 848 cylindracei
1874 830 1881 844 ,
1897 806 2004 842 erecti,

271 877 332 904 imo
347 875 628 911 subaccumbeutes,
645 885 805 914 nunquam
817 882 939 904 arcuate
954 875 1064 905 reflexi.
1080 875 1314 904 RECEPTACULUM
1332 877 1344 902 1
1363 874 1416 904 lin.
1434 873 1585 904 diametro
1600 874 1742 907 metiens,
1758 873 1898 912 planum,
1910 882 2003 912 punc-

270 940 403 969 tnlatum
414 964 421 977 ,
437 942 457 970 i.
476 951 501 971 e.
520 947 659 969 centrum
674 939 781 968 areolae
796 940 844 968 cui
859 939 1029 968 achaenium
1045 940 1193 968 insertum
1210 946 1253 968 est
1269 939 1422 968 elevatum
1434 962 1441 975 ,
1460 940 1509 968 vix
1530 949 1601 968 vero
1618 938 1787 967 areolatum
1809 939 1829 968 i.
1851 949 1878 967 e.
1900 947 2003 977 margo

269 1005 438 1035 achaenium
454 1004 585 1044 quodvis
600 1004 793 1034 circumdans
809 1005 858 1033 vix
873 1005 1034 1035 elevatum.
1056 1005 1196 1034 Aenffim
1213 1004 1387 1034 difformia:
1410 1003 1535 1033 radialia
1556 1005 1603 1034 2¹3
1625 1003 1681 1034 lin.
1702 1003 1789 1043 longa
1811 1014 1881 1032 cum
1903 1013 2004 1042 pappo

268 1070 353 1100 brevi
374 1070 595 1100 rudimentario
606 1094 613 1105 ,
630 1071 808 1109 persistente
828 1071 894 1107 1s12
910 1070 961 1100 lin.
980 1069 1069 1109 longo
1082 1093 1089 1107 ,
1105 1072 1121 1099 e
1141 1070 1285 1100 dentibus
1307 1070 1679 1110 triangulari-lanceolatis
1691 1093 1698 1107 ,
1712 1069 1862 1099 subulatis
1873 1093 1881 1106 ,
1896 1069 2004 1098 alben-

270 1135 363 1171 tibus,
376 1134 414 1164 ad
429 1135 515 1164 basin
527 1134 608 1164 dorsi
620 1136 800 1171 incrassatis,
813 1145 842 1163 n.
857 1136 896 1163 20
908 1135 1027 1163 circiter
1043 1135 1256 1164 uniserialibus
1270 1136 1439 1174 composito
1455 1146 1485 1166 n.
1501 1137 1532 1172 8,
1543 1146 1652 1172 crassa,
1667 1134 1868 1171 columnaria,
1882 1137 2005 1163 10-cos-

269 1207 342 1237 tata,
355 1207 460 1230 ventre
475 1201 567 1230 breve
581 1200 662 1230 hirta
678 1200 827 1237 brunnea,
843 1200 994 1229 diametro
1009 1199 1124 1239 ubique
1139 1199 1332 1239 subaequalis,
1349 1201 1541 1239 persistentia
1557 1201 1576 1230 i.
1594 1210 1619 1229 e.
1638 1211 1710 1229 cum
1724 1199 1789 1228 basi
1803 1200 2004 1229 excavationis

268 1266 449 1295 navicularis
464 1266 613 1296 involucri
629 1277 827 1306 squamarum
843 1267 896 1295 int.
912 1272 1060 1302 concreta,
1075 1265 1208 1294 achaenia
1221 1264 1294 1294 disci
1307 1264 1466 1294 articulate
1480 1275 1552 1293 cum
1566 1264 1881 1304 1·eceptaculojuncta,
1891 1265 1935 1294 1:¹2
1948 1263 2001 1293 liu.

268 1331 366 1371 longa,
384 1331 552 1368 turbinata,
569 1331 717 1366 tenuiora,
734 1331 830 1370 nigra,
845 1330 960 1369 glabra,
976 1330 996 1358 i.
1014 1340 1040 1358 e.
1058 1340 1119 1358 non
1134 1328 1231 1367 pilosa
1242 1352 1248 1363 ‚
1265 1331 1520 1365 costato-striata,
1535 1331 1557 1360 i.
1573 1340 1600 1359 e.
1621 1329 1820 1359 subtilissime
1835 1335 2003 1359 transverse

267 1407 374 1436 rugosa
387 1397 434 1426 vel
449 1397 617 1436 granulata,
632 1407 731 1436 pappo
746 1397 866 1425 munita
879 1395 1004 1424 biformi
1020 1405 1130 1433 nempe
1144 1394 1251 1423 eodem
1264 1394 1487 1424 rudimentario
1499 1396 1543 1424 uti
1559 1395 1692 1424 achaenia
1704 1394 1782 1424 radii
1794 1395 1847 1424 sed
1858 1394 2003 1432 breviori,

267 1464 353 1502 cujus
369 1463 472 1493 dentes
487 1465 537 1493 3-9
551 1463 592 1501 pl.
610 1463 627 1491 4
643 1464 674 1491 in
689 1470 785 1492 setam
804 1466 814 1491 l
833 1462 887 1491 lin.
905 1462 1026 1501 longam
1042 1462 1199 1500 elongatur
1212 1460 1314 1489 albam
1335 1460 1523 1498 filiformem,
1539 1461 1759 1490 denticulatam
1770 1484 1778 1498 ,
1794 1461 1882 1490 basin
1900 1471 2005 1490 versus

269 1530 473 1558 incrassatam.
488 1528 524 1556 In
542 1528 684 1557 achaeniis
698 1528 819 1557 extimis
834 1527 998 1555 transitum
1012 1526 1218 1554 achaeniorum
1233 1524 1311 1554 radii
1326 1525 1358 1553 in
1371 1535 1406 1554 ea
1419 1524 1495 1554 disci
1508 1525 1715 1555 formantibus
1731 1525 1918 1566 quandoque
1935 1534 2005 1556 tan-

268 1600 336 1622 tum
353 1600 416 1622 seta
431 1592 608 1622 observatur
623 1603 683 1621 una
697 1591 839 1621 alterave.

307 1657 418 1686 Forma
432 1657 494 1686 haec
509 1657 694 1696 quandoque
709 1664 754 1686 est
768 1656 912 1695 prolifera
925 1657 946 1684 i.
964 1666 990 1684 e.
1010 1656 1042 1684 in
1057 1656 1106 1684 axi
1121 1665 1320 1694 squamarum
1335 1654 1485 1683 involucri
1501 1655 1644 1684 oriuntur
1657 1655 1798 1694 pedicelli
1813 1656 1938 1697 graciles
1955 1668 2004 1686 ca-

269 1721 368 1761 pitula
382 1722 605 1752 rudimentaria
618 1722 763 1761 gerentia.

301 1788 361 1811 Ons.
383 1788 402 1811 1.
419 1788 495 1811 Anno
516 1788 580 1812 1855
595 1787 739 1818 specimina
754 1793 895 1810 numerosa
912 1785 1001 1809 formae
1019 1785 1050 1813 ΙΙ,
1068 1785 1204 1816 genuinae,
1222 1785 1236 1808 :i
1254 1784 1331 1808 beato
1346 1785 1441 1816 Berger
1458 1792 1541 1817 prope
1556 1785 1698 1818 Naupliam
1717 1786 1785 1810 lecta
1805 1789 1957 1812 examinavi
1979 1794 2004 1813 et

269 1846 407 1878 descripsi.
424 1846 513 1869 Liceat
528 1845 595 1868 mihi
611 1852 695 1876 pauco
713 1845 755 1869 hic
774 1843 907 1868 adducere
921 1851 979 1876 quae
995 1843 1012 1867 l.
1030 1850 1053 1867 c.
1070 1843 1207 1866 adnotavi.
1225 1842 1315 1867 riores
1329 1843 1439 1875 specim.
1457 1850 1603 1875 graecorum
1620 1843 1822 1875 (orientalium,
1840 1847 2003 1870 azor-icarum

268 1909 292 1929 et
308 1904 521 1934 canariensium)
535 1908 594 1927 sunt
609 1903 776 1931 concolores,
793 1907 817 1927 et
833 1902 910 1926 flores
925 1901 1041 1926 radiales
1057 1902 1159 1925 tantum
1175 1900 1255 1925 dorso
1271 1902 1335 1924 vina
1352 1901 1486 1925 sublivida
1503 1904 1600 1926 ornati.
1617 1903 1742 1927 Achaenia
1758 1904 1871 1928 radialia
1887 1913 1912 1928 n.
1929 1906 2002 1934 8-12;

269 1965 386 1989 aehaenia
403 1964 470 1988 disci
485 1972 511 1988 n.
527 1964 614 1988 51-99.
633 1965 703 1987 Inter
718 1964 750 1988 99
768 1964 886 1987 achaenia
903 1962 969 1986 d1sci
990 1964 1005 1986 5
1020 1967 1094 1986 erant
1111 1963 1216 1991 triseta,
1233 1961 1264 1985 67
1281 1961 1434 1993 quadriseta
1452 1966 1476 1985 et
1492 1963 1523 1985 ‘27
1539 1963 1728 1994 quinqueseta;
1747 1965 1814 1988 inter
1833 1965 1865 1988 55
1884 1965 2002 1989 aciiaenia

269 2022 334 2047 disci
350 2024 366 2047 4
380 2028 454 2047 erant
471 2024 577 2050 triseta,
595 2024 628 2047 55
643 2023 792 2055 quadriseta
809 2027 833 2045 et
849 2024 878 2046 16
894 2023 1078 2053 quinqueseta.
1095 2021 1222 2044 Praeterea
1237 2020 1386 2045 achaenium
1403 2028 1484 2044 unum
1500 2021 1647 2046 alterumve
1663 2023 1851 2047 intermedium
1873 2025 1928 2047 seni
1950 2026 2000 2048 uni·

269 2082 384 2106 alterave
398 2087 453 2106 erat
469 2083 607 2106 instructa.

303 2141 362 2165 Ons.
380 2142 412 2165 ΙΙ.
429 2141 599 2164 Ciiarncteres
617 2141 713 2172 carpici
730 2140 821 2164 sormae
836 2140 937 2163 crinitae
952 2143 977 2163 et
992 2138 1113 2170 genuinoe
1128 2146 1180 2162 non
1197 2137 1335 2162 recedunt.
1352 2138 1563 2163 Modificationes
1578 2139 1686 2164 easdem
1703 2141 1728 2163 in
1751 2140 1841 2164 multis
1863 2142 2001 2166 observavi

270 2200 448 2224 Cichoriaceis
462 2206 486 2223 e.
499 2207 524 2231 g.
540 2200 565 2222 in
581 2198 694 2230 Crepide
709 2198 810 2222 virente
825 2201 851 2221 et
867 2201 994 2221 tectorum
1011 2197 1040 2220 L.

270 2390 421 2424 SUBGEN.
446 2391 486 2422 11.
509 2387 835 2424 SCHMIDTIA.
862 2390 1025 2423 MOENGH.
1048 2408 1097 2413 —
1114 2388 1214 2422 (λιες.
1231 2407 1281 2413 --
1298 2389 1396 2422 Less.
1414 2407 1463 2412 -—
1477 2388 1588 2420 ENDL.
1603 2414 1611 2430 ,
1634 2388 1744 2431 Gen.,
1765 2400 1801 2422 n.
1827 2389 1932 2436 2980.
1953 2410 2002 2415 —

318 2463 513 2507 AEthionia,
544 2464 623 2497 DON
648 2464 680 2497 in
711 2463 834 2498 Edinb.
868 2475 954 2497 new.
984 2461 1179 2510 philosoph.
1210 2464 1355 2506 Journ.,
1388 2461 1496 2508 1329,
1528 2474 1558 2508 p.
1589 2459 1670 2508 309.
1700 2482 1747 2487 -—
1777 2462 2001 2510 Polychaetia,

320 2539 471 2582 Tiuseu,
488 2538 511 2572 l.
529 2550 557 2572 c.
574 2558 623 2563 -
638 2538 794 2581 Hieracfl,
811 2537 980 2585 Crepfflis,
999 2535 1210 2571 Chondrillze
1229 2543 1263 2570 et
1277 2533 1446 2583 Tolpidis,
1469 2536 1525 2570 ΞΡ.
1546 2536 1653 2570 AUCT.

319 2649 477 2685 Achaenia
499 2652 706 2696 conformia,
735 2652 909 2686 articulate
935 2663 1014 2685 cum
1039 2649 1252 2696 receptaculo
1277 2648 1414 2695 juncta,
1443 2647 1578 2696 glabra,
1608 2649 1697 2686 5-15
1725 2652 2003 2697 costato-striata,

270 2736 383 2772 pappo
402 2724 542 2759 biformi
560 2727 641 2761 setis
654 2738 777 2774 nempe
794 2726 944 2760 minimis
958 2723 1212 2760 rudimentariis
1229 2724 1248 2758 e
1268 2722 1395 2769 quibus
1414 2721 1499 2757 3-20
1515 2724 1561 2771 pl.
1580 2723 1663 2759 6-12
1683 2725 1719 2759 in
1737 2734 1826 2760 setas
1843 2725 2002 2762 denticu-

273 2800 372 2843 latas,
399 2799 470 2834 basi
493 2801 618 2835 callose
643 2801 857 2843 incrassatas,
878 2799 1030 2834 achaenio
1056 2798 1230 2845 longiores
1251 2807 1332 2832 sunt
1352 2797 1515 2845 elongati.
1540 2799 1760 2834 involucrum
1783 2800 2001 2837 imbricatum

272 2875 423 2921 squamis
440 2875 601 2909 omnibus
620 2875 787 2922 adpressis
804 2882 869 2909 ext.
892 2874 1099 2922 quandoque
1117 2873 1328 2918 laxiusculis,
1343 2872 1403 2908 sed
1423 2885 1599 2920 nunquam
1621 2875 1734 2910 carina
1755 2875 1998 2911 suberoso—in-

271 2950 422 2984 crassatis
438 2958 475 2984 nt
489 2950 521 2984 in
539 2949 733 2996 Eutolpide.
752 2949 1017 2997 Receptaculum
1031 2948 1222 2983 areolatum
1238 2962 1270 2984 v.
1294 2948 1513 2984 foveolatum.

321 3022 446 3057 Herbae
462 3035 584 3058 annuae
602 3023 652 3057 vel
675 3034 841 3070 perennes
855 3050 864 3066 ‚
880 3022 954 3057 basi
973 3021 1183 3069 quandoque
1207 3023 1481 3058 suisrutescentes
1502 3023 1554 3058 vel
1575 3023 1772 3060 suffrutices
1793 3027 1998 3062 canariensi—

274 3097 510 3142 maderenses,
533 3110 600 3132 una
621 3097 754 3132 azorica
781 3096 887 3132 altera
915 3096 1162 3132 mediterranea
1176 3123 1187 3142 ,
1217 3096 1306 3132 foliis
1329 3096 1998 3149 dentato-pinnatifido-pinnatipartitis‚
2017 3128 2019 3130 -
