2432 3969
1233 483 1402 543 (122)

666 646 700 685 1.
733 639 1130 685 VACHELLIA
1161 641 1620 687 FARNESIANA.
1651 643 1734 687 W.
1766 657 1825 687 ET
1854 644 1980 688 ARN.

500 766 606 795 Acacia
620 764 719 794 indica
734 763 911 794 sarnesiana.
930 764 1016 799 Ald.,
1030 765 1114 793 Horl.
1129 764 1208 803 farn.
1218 776 1327 805 ,ρας-ἕ.
1341 767 1372 802 2,
1387 766 1405 795 3
1420 773 1446 794 el
1457 766 1486 796 4.

498 828 631 857 Mimosa
644 828 821 857 farnesiana.
838 829 939 864 Lz'nn.,
952 830 1006 868 Sp.
1023 829 1077 867 pL,
1092 829 1145 859 vol.
1162 830 1180 857 2
1191 852 1198 864 ,
1209 840 1279 869 pag.
1299 830 1386 861 1506.

497 893 604 922 Acacia
618 892 791 922 farnesiana.
814 893 937 929 Willd„
949 894 1003 932 Sp.
1015 894 1068 933 pL,
1082 894 1139 924 vol.
1153 894 1182 931 4,
1196 906 1266 934 pag.
1280 895 1369 924 1083.

500 956 632 986 Mimosa
644 956 756 987 indica.
773 956 850 986 Poir.
859 978 867 993 ,
879 957 906 985 S
907 957 999 997 uppl.,
1016 957 1068 988 vol.
1086 959 1100 985 1
1113 980 1121 994 ‚
1132 968 1202 996 pag.
1214 957 1265 986 80.

499 1021 656 1052 Vachellia
670 1021 849 1051 farnesiana.
871 1022 928 1052 JV.
942 1029 968 1050 ec
981 1023 1073 1058 Arm,
1093 1022 1140 1052 Fl.
1159 1033 1225 1062 pen.
1245 1022 1311 1053 Ind.
1330 1033 1385 1060 otu,
1402 1023 1452 1052 vol.
1474 1024 1488 1051 1
1503 1044 1511 1060 ‚
1521 1033 1592 1062 pag.
1605 1022 1674 1053 272.
1688 1037 1727 1044 —
1747 1022 1825 1050 Tcrr.
1841 1027 1867 1049 et
1881 1019 1970 1057 Gray,
1983 1019 2030 1048 Fl.
2043 1019 2085 1050 N.
2098 1020 2182 1054 Am..

461 1087 510 1117 vol.
529 1089 557 1121 1,
572 1098 644 1126 pag.
660 1085 730 1116 405.

508 1154 596 1187 ΗΑΒ.
618 1154 711 1185 Hanc
728 1151 875 1197 speciem
894 1150 927 1184 in
944 1151 1147 1184 Lancerotta
1163 1150 1244 1183 etin
1261 1150 1369 1184 insula
1389 1150 1531 1184 Canaria
1548 1150 1601 1183 vix
1621 1162 1662 1183 ex
1686 1157 1758 1183 loto
1776 1156 1996 1196 spontaneam
2012 1147 2159 1182 vidimus
2173 1175 2181 1191 ,

460 1224 775 1260 communissimam
795 1223 827 1256 in
847 1221 997 1256 convalle
1016 1221 1058 1256 de
1084 1221 1140 1256 las
1156 1222 1318 1256 Aromas
1347 1223 1500 1256 Canariae
1526 1222 1643 1257 scribit
1674 1223 1716 1256 cl.
1743 1222 1939 1269 Dcsprciaux
1956 1234 1964 1266 3
1982 1221 2014 1255 in
2034 1222 2183 1255 Gomera

461 1297 730 1345 copiosissimam
752 1295 897 1338 invenit,
914 1294 1031 1341 ibiquc}
1045 1296 1123 1328 vero
1140 1294 1333 1341 indigenam
1346 1302 1455 1341 putat.

508 1373 664 1405 DisTmn.
686 1380 790 1403 GEoG.
814 1369 949 1415 Species
965 1376 1016 1402 est
1036 1368 1116 1402 facie
1130 1368 1298 1412 Africana,
1313 1380 1353 1402 ex
1382 1367 1476 1402 India
1492 1375 1619 1411 autem,
1632 1376 1671 1402 ut
1683 1367 1831 1411 videtur,
1844 1367 2000 1412 oriunda,
2022 1368 2080 1402 sed
2100 1380 2185 1415 quo-

461 1455 538 1478 nam
560 1443 727 1489 praecipuo
740 1443 815 1476 loco
833 1453 896 1475 nec
911 1453 951 1475 ex
964 1440 1191 1488 Roxburghio
1208 1453 1270 1475 nec
1286 1453 1326 1474 ex
1340 1440 1495 1487 Wightio
1517 1448 1620 1488 patet.
1641 1441 1736 1475 Aeris
1751 1441 1951 1488 temperiem
1968 1441 2089 1475 siccam
2104 1441 2183 1475 cali-

461 1516 608 1562 damque
629 1528 697 1550 non
717 1516 787 1550 sine
812 1514 935 1562 hyeme
959 1522 998 1549 ut
1023 1514 1099 1548 folia
1127 1514 1248 1549 cadant
1263 1523 1365 1548 amat.
1385 1514 1483 1548 Circa
1511 1514 1632 1548 urbem
1660 1516 1816 1549 Marocco
1831 1514 2096 1561 vulgatissimam
2112 1526 2183 1548 esse

460 1589 651 1635 accepimus
679 1589 696 1621 ᾗ
724 1588 766 1623 cl.
796 1587 971 1622 Friderico
990 1586 1210 1631 Sehousboe,
1230 1595 1265 1622 et
1282 1587 1314 1621 in
1338 1586 1475 1621 Florida
1494 1599 1535 1622 ex
1552 1590 1653 1622 Torr.
1676 1595 1710 1621 et
1730 1589 1835 1635 Gray.
1853 1588 1876 1621 l.
1894 1600 1924 1622 c.
1942 1587 2013 1634 jam
2033 1587 2116 1621 facta
2133 1594 2184 1621 est

460 1670 656 1709 spontanea.
677 1661 811 1696 Colitur
830 1661 916 1695 inter
932 1661 1102 1707 tropicos,
1121 1658 1180 1695 sed
1199 1660 1245 1694 ibi
1266 1673 1328 1707 pro
1343 1661 1528 1708 spontanea
1546 1673 1649 1695 nemo
1665 1661 1698 1695 in
1711 1661 1873 1708 catalogis
1887 1661 2027 1696 notavit.
