2432 3969
1234 505 1404 552 (306)

499 599 663 641 Sylvestris
677 597 898 635 Heliochrysos.
920 595 1024 634 T1·ag.‚
1036 593 1079 624 ed.
1099 594 1130 622 K
1125 594 1220 633 yberz}
1231 605 1261 634 p.
1279 594 1336 624 331
1349 616 1358 632 ,
1372 604 1442 624 cum
1453 594 1540 624 icone
1553 594 1682 624 sinistra.

498 664 598 695 Gifola
614 663 757 702 vulgaris.
780 663 877 697 Cass.,
892 659 970 688 Bull.
987 659 1074 698 phil„
1093 660 1180 695 1819,
1196 671 1227 698 p.
1245 658 1312 690 143.

497 729 599 766 Impia
613 727 794 767 germanica.
813 725 901 765 Bluff.
916 731 942 753 et
952 724 1110 764 Fingerlz„
1135 724 1245 762 Germ.‚
1260 725 1310 755 vol.
1329 725 1360 761 2,
1374 736 1404 764 p.
1420 723 1487 754 342.

497 792 643 822 Praeterea
654 800 823 829 synonyma
835 789 996 829 sequentia
1006 789 1121 818 formas
1135 790 1244 829 speciei
1258 788 1468 829 polymorphae
1483 789 1642 829 designant
1655 799 1663 817 ε

495 868 513 886 a
524 855 629 895 Filago
643 855 844 894 pyramidata.
864 856 966 893 Lina„
981 856 1035 896 Sp.
1049 855 1103 892 pL,
1120 855 1165 884 ed.
1180 855 1212 892 2,
1223 866 1255 895 p.
1269 855 1356 885 1311.
1371 872 1411 877 —
1425 855 1537 891 Slurm,
1549 854 1602 885 vol.
1621 855 1636 883 3
1648 876 1654 888 ‚
1666 863 1697 892 p.
1716 853 1764 883 12.

494 921 520 951 F
521 920 598 960 ilago
613 921 784 960 germanica
797 923 812 960 β
826 920 1027 960 pyramidata.
1046 920 1157 956 Gaud„
1178 920 1226 949 Fl.
1244 920 1328 956 helin,
1345 920 1400 950 vol.
1420 921 1449 957 5,
1461 931 1492 959 p.
1507 919 1575 949 253.
1589 935 1630 941 —
1643 917 1704 949 DC.
1719 917 1739 948 l.
1757 927 1782 948 c.

495 986 705 1025 Gnaphalium
717 986 957 1026 pyramidatum.
975 987 1023 1017 W
1025 987 1100 1022 illd„
1113 987 1165 1024 Sp.
1177 986 1214 1023 pl.
1222 1009 1231 1023 ,
1244 986 1300 1016 vol.
1314 986 1333 1015 3
1344 1007 1352 1022 ‚
1362 996 1393 1025 p.
1412 985 1499 1016 1895.

492 1050 702 1090 Guaphaliuin
717 1052 954 1091 germanicumss
969 1051 1207 1092 pyramidatum.
1225 1051 1323 1090 chby,
1340 1051 1395 1082 bot.
1408 1051 1494 1090 gall..
1508 1051 1557 1080 vol.
1575 1052 1605 1088 1,
1616 1061 1646 1090 p.
1661 1049 1731 1079 269.

495 1116 596 1156 Impia
611 1117 813 1156 pyramidata.
833 1117 923 1157 Blcff.
940 1124 966 1146 ee
976 1117 1005 1145 F
1008 1116 1132 1155 z'ngerlz.,
1143 1117 1191 1147 Fl.
1206 1127 1313 1156 germ,
1327 1117 1381 1148 vol.
1396 1118 1427 1152 2,
1442 1128 1471 1155 p.
1491 1116 1560 1146 343.

495 1182 511 1210 b
525 1181 629 1221 Filago
637 1181 824 1221 lanuginosa.
839 1181 964 1218 Requien
972 1203 982 1219 ‚
997 1182 1027 1209 in
1041 1181 1095 1210 litt.
1113 1181 1153 1210 ad
1164 1181 1198 1212 cl.
1213 1181 1283 1210 DC.

494 1244 598 1285 Filago
612 1245 782 1285 germanica
795 1257 812 1283 γ
825 1244 1014 1285 lanuginosa.
1032 1246 1114 1283 DC„
1131 1246 1150 1274 l.
1165 1257 1190 1276 c.

495 1310 599 1350 Filago
614 1309 813 1348 eriocephala.
837 1309 940 1347 Guss.,
955 1310 1003 1340 Pl.
1020 1319 1094 1345 ran,
1108 1320 1139 1349 p.
1156 1308 1226 1345 344,
1245 1308 1298 1340 tab.
1315 1309 1366 1346 69,
1379 1318 1416 1338 ex
1429 1307 1490 1339 Dc.

495 1375 704 1414 Gnaphalium
717 1376 928 1415 germanicum
941 1387 958 1414 γ
969 1374 1196 1415 lanuginosum.
1215 1375 1314 1414 Duby,
1331 1375 1350 1406 l.
1366 1386 1392 1403 c.

495 1452 510 1470 c
523 1439 740 1480 Heliclii·ysum
761 1439 901 1480 alpinum
921 1439 1063 1479 capitulis
1077 1439 1157 1469 inter
1171 1437 1266 1468 caulis
1280 1437 1446 1468 decursum
1460 1436 1646 1478 conglobatis
1660 1446 1828 1469 ramosum.
1845 1437 1977 1467 Bonann.
1985 1459 1994 1474 ,
2008 1437 2064 1468 tab.
2081 1437 2119 1468 36
2131 1459 2139 1475 ‚
2151 1447 2189 1467 ex

456 1505 550 1537 Presl.

492 1569 596 1609 Filago
611 1568 793 1608 spathulata.
813 1569 919 1605 Presl.,
942 1569 1029 1600 Delio.
1039 1590 1047 1606 ,
1061 1580 1092 1608 p.
1105 1569 1155 1600 99.

494 1635 599 1675 Filago
610 1635 781 1674 germanica
792 1635 807 1663 δ
818 1634 1002 1674 spathulata.
1021 1635 1085 1664 DC.
1100 1635 1118 1665 l.
1136 1646 1162 1665 c.

494 1702 515 1731 d
526 1701 632 1741 Filago
645 1707 794 1740 congesta.
813 1701 917 1738 Guss„
933 1701 962 1730 in
975 1701 1029 1731 lice.
1045 1700 1085 1729 ad
1095 1701 1130 1730 cl.
1149 1699 1232 1736 DC„
1247 1699 1314 1734 Pr„
1330 1699 1387 1729 vol.
1406 1698 1438 1736 6,
1448 1709 1479 1737 p.
1493 1698 1561 1728 248.

489 1768 552 1793 Ons.
564 1767 602 1791 Cl.
615 1767 704 1796 Koch,
719 1767 790 1797 Syn..
803 1765 847 1790 ed.
864 1773 883 1790 u
892 1783 900 1794 ,
913 1772 973 1798 pag.
987 1766 1045 1795 597,
1063 1765 1194 1791 involucri
1208 1772 1333 1798 squamas
1345 1765 1453 1789 intimas
1466 1765 1513 1789 3-4
1525 1763 1734 1793 obtusiusculas,
1746 1770 1828 1789 nervo
1843 1768 2001 1789 excurrente
2016 1765 2188 1790 mucronnlae

455 1830 496 1852 tas
511 1825 649 1850 describit;
662 1825 692 1851 In
708 1824 798 1850 forma
811 1828 935 1857 congesta
949 1823 1012 1849 vero
1026 1831 1124 1850 nervus
1136 1825 1243 1856 apicem
1257 1823 1385 1849 foliorum
1402 1822 1534 1848 involucri
1550 1822 1717 1847 internorum
1728 1827 1782 1846 non
1797 1822 1904 1854 attingit
1913 1838 1921 1850 ,
1933 1829 1993 1854 quae
2010 1821 2073 1848 ideo
2091 1822 2186 1849 obtusa

456 1882 583 1908 evadunt.

489 1943 581 1975 Filago
593 1941 746 1975 germanica
757 1941 829 1975 apud
838 1948 899 1970 nos,
914 1941 942 1966 in
953 1939 1107 1966 Palatinam
1117 1940 1208 1973 quoad
1218 1940 1343 1966 soliorum
1355 1940 1479 1972 sormam,
1493 1938 1680 1964 indumentum
1691 1942 1718 1965 et
1728 1938 1813 1966 caulis
1828 1937 1990 1964 divisIonem
1999 1938 2076 1965 valde
2084 1939 2185 1969 variat,

456 1998 582 2032 praeterea
598 2008 604 2023 :

490 2059 509 2082 1.
527 2056 658 2082 Involucri
676 2062 793 2088 squamae
807 2055 960 2081 concolores
976 2056 1142 2086 sti-amineae,
1158 2055 1256 2088 plantae
1269 2055 1457 2081 indumentum
1471 2056 1694 2082 albo—cinereum.
1712 2070 1746 2075 -—-
1760 2057 1790 2081 F.
1804 2057 1947 2087 qermcmica
1957 2056 2085 2082 concolor.

489 2117 523 2142 Π.
538 2115 670 2141 Involucri
691 2121 809 2147 squamae
821 2121 922 2146 superae
934 2114 1115 2147 pulcherrime
1129 2119 1352 2148 purpurascentes
1362 2132 1369 2144 ‚
1382 2115 1481 2148 plantae
1500 2114 1687 2140 indumentum
1703 2115 1948 2144 viridi-cinereum,
1959 2114 2071 2147 superne
2082 2113 2187 2147 lanugi-

451 2180 557 2200 nosum.
572 2187 606 2193 —
617 2175 647 2199 F.
665 2173 807 2204 germanica
820 2173 959 2204 varieqata.

502 2235 589 2268 ΗΑΒ.
612 2234 650 2267 In
675 2231 763 2267 arvis
786 2232 879 2266 siccis
897 2239 933 2266 et
956 2232 991 2266 in
1012 2232 1182 2267 ruderatis
1207 2233 1309 2268 insul.
1337 2233 1596 2268 Canariensium
1624 2245 1656 2268 e.
1682 2245 1716 2281 g.
1742 2235 1776 2267 in
1791 2232 1963 2267 Teneriffa
1976 2259 1988 2277 ,
2012 2233 2183 2268 Canaria:

452 2305 592 2344 chb!
617 2305 855 2342 verosimiliter
873 2304 1068 2340 introducta
1087 2318 1153 2340 sec.
1172 2306 1213 2340 cl.
1235 2308 1421 2341 Courrant.
1444 2305 1537 2354 apud
1557 2307 1653 2341 Buch
1670 2306 1694 2341 l.
1713 2318 1744 2342 c.
1772 2306 1832 2353 qui
1859 2307 2007 2354 speciem
2033 2314 2187 2342 nostram

453 2380 606 2430 primt'1m
623 2379 656 2414 in
676 2379 806 2414 ditione
824 2378 921 2414 florae
938 2379 1154 2414 Canariensis
1173 2380 1381 2415 observavit.

485 2454 544 2480 Ons.
557 2453 682 2478 Formam
701 2452 889 2484 lanuginosam
907 2456 934 2477 et
953 2452 1135 2485 spathulatam
1148 2453 1198 2478 DC.
1216 2455 1230 2477 e
1241 2453 1374 2478 Teneriffa
1389 2457 1415 2479 et
1427 2457 1580 2486 congestam
1596 2453 1611 2477 ὲ
1629 2452 1742 2478 Canai-ia
1758 2452 1827 2477 vidi.
1847 2453 1950 2477 Formae
1966 2452 2140 2477 Canarienses
2157 2454 2185 2477 in

455 2518 550 2546 genere
564 2511 600 2545 pl.
613 2511 679 2536 solia
693 2510 792 2536 habent
808 2510 959 2542 spathulata
975 2510 1162 2535 indumentum
1177 2511 1289 2536 densum
1304 2511 1666 2544 tomentoso·lanuginosum‚
1681 2516 1706 2535 ct
1719 2511 1866 2543 specimina
1878 2511 1905 2535 in
1919 2511 2032 2535 Canaria
2043 2510 2111 2536 lecta
2124 2515 2185 2536 sunt

454 2570 550 2603 pusilla
562 2570 576 2594 ἰι
590 2570 647 2594 basi
666 2576 781 2597 ramosa,
793 2568 876 2593 ramis
889 2567 1123 2597 decumbentibus,
1139 2568 1202 2592 solia
1218 2569 1319 2594 habent
1331 2569 1483 2601 spathulata
1496 2574 1521 2594 et
1536 2569 1668 2595 involucri
1682 2576 1808 2601 squamas
1822 2570 1931 2594 intimas
1942 2569 2062 2598 obtusas,
2076 2568 2186 2594 demum

452 2629 697 2661 stellato-patentes.

500 2689 657 2724 Disrmn.
679 2697 808 2721 GEOGR.
830 2687 870 2720 F.
885 2685 1078 2733 germanica
1097 2686 1131 2720 in
1144 2687 1233 2721 arvis
1255 2687 1426 2735 praecipue
1444 2688 1592 2732 incultis,
1624 2687 1793 2735 argillosis
1812 2694 1846 2722 et
1866 2686 2028 2731 arenosis,
2041 2686 2185 2722 rudera-

457 2763 516 2807 tis,
535 2762 625 2796 inter
640 2760 797 2808 stipulas,
813 2759 856 2795 ad
873 2771 1037 2808 agrorum
1060 2761 1232 2807 margines
1247 2770 1279 2795 el
1297 2761 1366 2797 vias
1385 2763 1532 2809 Europae
1551 2763 1657 2798 totius
1672 2763 1783 2808 usque
1801 2761 1844 2796 ad
1858 2762 2023 2796 Tauriam
2045 2768 2080 2795 et
2100 2762 2186 2795 Per-

453 2836 537 2871 siam
554 2836 572 2870 Ξι
587 2835 690 2871 Junio
712 2835 745 2869 in
772 2834 1002 2880 Septembrim
1017 2863 1026 2880 ‚
1041 2835 1075 2870 in
1094 2835 1292 2884 regionibus
1310 2835 1517 2872 australibus
1535 2837 1630 2884 prius
1644 2864 1652 2881 ‚
1668 2836 1784 2872 floret.
1797 2837 1836 2871 In
1851 2835 2046 2871 Americam
2064 2834 2186 2869 borea-

452 2911 522 2947 lem
539 2910 642 2945 etiam
660 2909 818 2955 migravit
837 2920 878 2942 ex
891 2910 993 2942 Torr.
1007 2915 1041 2943 et
1062 2910 1125 2943 Gr.
1142 2909 1166 2942 l.
1185 2921 1213 2942 c.
1229 2916 1262 2943 ct
1282 2920 1346 2944 sec.
1366 2910 1513 2946 Senbert
1525 2938 1534 2956 ‚
1549 2911 1602 2945 Fl.
1618 2922 1726 2955 uzon,
1740 2922 1824 2959 pag.
1847 2908 1892 2944 32
1909 2935 1920 2954 ,
1934 2909 2038 2944 etiam
2055 2907 2099 2943 ad
2115 2908 2186 2943 vias

458 2986 522 3020 ius.
542 2982 667 3019 azoric.
687 2981 806 3016 Flores
826 2988 860 3015 ct
877 2980 977 3029 Fayal
998 2980 1110 3017 obvia.
1128 2983 1167 3015 In
1189 2982 1373 3018 Germania
1388 2982 1561 3030 abundat,
1576 2996 1617 3020 ex
1628 2985 1739 3021 Attica
1751 2984 1864 3021 haheo
1886 2985 1906 3019 ἐι
1920 2983 1962 3019 cl.
1984 2983 2049 3018 Dr.
2066 2983 2181 3018 Fraas.
